
<record>
  <leader>02360cam a22003977i 4500</leader>
  <controlfield tag="001">20069756</controlfield>
  <controlfield tag="005">20200103151241.0</controlfield>
  <controlfield tag="008">171017s2016    bu a     b    001 0 bul  </controlfield>
  <datafield tag="906" ind1=" " ind2=" ">
    <subfield code="a">7</subfield>
    <subfield code="b">cbc</subfield>
    <subfield code="c">orignew</subfield>
    <subfield code="d">4</subfield>
    <subfield code="e">ncip</subfield>
    <subfield code="f">20</subfield>
    <subfield code="g">y-nonroman</subfield>
  </datafield>
  <datafield tag="925" ind1="0" ind2=" ">
    <subfield code="a">acquire</subfield>
    <subfield code="b">1 shelf copy</subfield>
    <subfield code="x">policy default</subfield>
  </datafield>
  <datafield tag="955" ind1=" " ind2=" ">
    <subfield code="b">fg23 2017-10-16</subfield>
    <subfield code="a">fg00 2017-10-25 to GS/SEE</subfield>
    <subfield code="h">fg10 2019-05-14; to shelf</subfield>
  </datafield>
  <datafield tag="010" ind1=" " ind2=" ">
    <subfield code="a">  2017442410</subfield>
  </datafield>
  <datafield tag="020" ind1=" " ind2=" ">
    <subfield code="a">9786191851928</subfield>
  </datafield>
  <datafield tag="020" ind1=" " ind2=" ">
    <subfield code="a">9786191851935</subfield>
  </datafield>
  <datafield tag="040" ind1=" " ind2=" ">
    <subfield code="a">DLC</subfield>
    <subfield code="b">eng</subfield>
    <subfield code="e">rda</subfield>
    <subfield code="c">DLC</subfield>
  </datafield>
  <datafield tag="050" ind1="0" ind2="0">
    <subfield code="a">MLCM 2019/42043 (G)</subfield>
  </datafield>
  <datafield tag="066" ind1=" " ind2=" ">
    <subfield code="c">(N</subfield>
  </datafield>
  <datafield tag="100" ind1="1" ind2=" ">
    <subfield code="6">880-01</subfield>
    <subfield code="a">Denchev, Stoi︠a︡n,</subfield>
    <subfield code="e">author.</subfield>
  </datafield>
  <datafield tag="880" ind1="1" ind2=" ">
    <subfield code="6">100-01/(N</subfield>
    <subfield code="a">Денчев, Стоян,</subfield>
    <subfield code="e">author.</subfield>
  </datafield>
  <datafield tag="245" ind1="1" ind2="0">
    <subfield code="6">880-02</subfield>
    <subfield code="a">Arianika :</subfield>
    <subfield code="b">ekspedit︠s︡ii︠a︡ vŭv Vottovaara - Karelii︠a︡ i Arkaim - Ural : t︠s︡entrove na praevropeĭskata t︠s︡ivilizat︠s︡ii︠a︡ v Rusii︠a︡ : uchebno posobie /</subfield>
    <subfield code="c">Stoi︠a︡n Denchev [and three others].</subfield>
  </datafield>
  <datafield tag="880" ind1="1" ind2="0">
    <subfield code="6">245-02/(N</subfield>
    <subfield code="a">Арианика :</subfield>
    <subfield code="b">експедиция във Воттоваара - Карелия и Аркаим - Урал : центрове на праевропейската цивилизация в Русия : учебно пособие /</subfield>
    <subfield code="c">Стоян Денчев [and three others].</subfield>
  </datafield>
  <datafield tag="246" ind1="1" ind2="5">
    <subfield code="a">Expedition in Vottovaara - Karelia and Arkaim - the Urals :</subfield>
    <subfield code="b">centres of the proto-European civilization in Russia</subfield>
  </datafield>
  <datafield tag="246" ind1="1" ind2="5">
    <subfield code="6">880-03</subfield>
    <subfield code="a">Ėkspedit︠s︡ii︠a︡ v Vottovaaru - Karelii︠a︡ i Arkaim - Ural :</subfield>
    <subfield code="b">T︠S︡entry praevropeĭskoĭ t︠s︡ivilizat︠s︡ii v Rossii</subfield>
  </datafield>
  <datafield tag="880" ind1="1" ind2="5">
    <subfield code="6">246-03/(N</subfield>
    <subfield code="a">Е̇кспедиция в Воттоваару - Карелия и Аркаим - Урал :</subfield>
    <subfield code="b">Центрy праевропейской цивилизации в России</subfield>
  </datafield>
  <datafield tag="246" ind1="1" ind2="4">
    <subfield code="a">Aryanica</subfield>
  </datafield>
  <datafield tag="264" ind1=" " ind2="1">
    <subfield code="6">880-04</subfield>
    <subfield code="a">Sofii︠a︡ :</subfield>
    <subfield code="b">Izdatelstvo &quot;Za bukvite - O pismenekhʹ&quot;,</subfield>
    <subfield code="c">2016.</subfield>
  </datafield>
  <datafield tag="880" ind1=" " ind2="1">
    <subfield code="6">264-04/(N</subfield>
    <subfield code="a">София :</subfield>
    <subfield code="b">Издателство &quot;За буквите - О писменехʹ&quot;,</subfield>
    <subfield code="c">2016.</subfield>
  </datafield>
  <datafield tag="300" ind1=" " ind2=" ">
    <subfield code="a">206 pages :</subfield>
    <subfield code="b">illustrations ;</subfield>
    <subfield code="c">24 cm</subfield>
  </datafield>
  <datafield tag="336" ind1=" " ind2=" ">
    <subfield code="a">text</subfield>
    <subfield code="b">txt</subfield>
    <subfield code="2">rdacontent</subfield>
  </datafield>
  <datafield tag="337" ind1=" " ind2=" ">
    <subfield code="a">unmediated</subfield>
    <subfield code="b">n</subfield>
    <subfield code="2">rdamedia</subfield>
  </datafield>
  <datafield tag="338" ind1=" " ind2=" ">
    <subfield code="a">volume</subfield>
    <subfield code="b">nc</subfield>
    <subfield code="2">rdacarrier</subfield>
  </datafield>
  <datafield tag="490" ind1="0" ind2=" ">
    <subfield code="6">880-05</subfield>
    <subfield code="a">Faklonost︠s︡i ;</subfield>
    <subfield code="v">XV</subfield>
  </datafield>
  <datafield tag="880" ind1="0" ind2=" ">
    <subfield code="6">490-05/(N</subfield>
    <subfield code="a">Факлоносци ;</subfield>
    <subfield code="v">XV</subfield>
  </datafield>
  <datafield tag="490" ind1="0" ind2=" ">
    <subfield code="a">Torchbearers ;</subfield>
    <subfield code="v">XV</subfield>
  </datafield>
  <datafield tag="504" ind1=" " ind2=" ">
    <subfield code="a">Includes bibliographical references (pages 127-135) and index.</subfield>
  </datafield>
  <datafield tag="653" ind1=" " ind2=" ">
    <subfield code="a">Prehistoric civilization in Russia.</subfield>
  </datafield>
</record>