
<record>
  <leader>04400cam a22006615a 4500</leader>
  <controlfield tag="001">20069847</controlfield>
  <controlfield tag="005">20200103121415.0</controlfield>
  <controlfield tag="008">171017t20182018nyua     b    001 0 eng d</controlfield>
  <datafield tag="906" ind1=" " ind2=" ">
    <subfield code="a">0</subfield>
    <subfield code="b">ibc</subfield>
    <subfield code="c">copycat</subfield>
    <subfield code="d">2</subfield>
    <subfield code="e">epcn</subfield>
    <subfield code="f">20</subfield>
    <subfield code="g">y-gencatlg</subfield>
  </datafield>
  <datafield tag="925" ind1="0" ind2=" ">
    <subfield code="a">acquire</subfield>
    <subfield code="b">1 shelf copy</subfield>
    <subfield code="x">policy default</subfield>
  </datafield>
  <datafield tag="955" ind1=" " ind2=" ">
    <subfield code="b">rk06 2020-01-03 z-processor</subfield>
  </datafield>
  <datafield tag="010" ind1=" " ind2=" ">
    <subfield code="a">  2017958127</subfield>
  </datafield>
  <datafield tag="020" ind1=" " ind2=" ">
    <subfield code="a">9780500519547</subfield>
    <subfield code="q">(hardcover)</subfield>
  </datafield>
  <datafield tag="020" ind1=" " ind2=" ">
    <subfield code="a">0500519544</subfield>
    <subfield code="q">(hardcover)</subfield>
  </datafield>
  <datafield tag="024" ind1="8" ind2=" ">
    <subfield code="a">YBP14834370</subfield>
  </datafield>
  <datafield tag="035" ind1=" " ind2=" ">
    <subfield code="a">(OCoLC)on1005103615</subfield>
  </datafield>
  <datafield tag="040" ind1=" " ind2=" ">
    <subfield code="a">YDX</subfield>
    <subfield code="b">eng</subfield>
    <subfield code="c">YDX</subfield>
    <subfield code="d">NZAUC</subfield>
    <subfield code="d">OCLCQ</subfield>
    <subfield code="d">OCLCO</subfield>
    <subfield code="d">BUF</subfield>
    <subfield code="d">TFW</subfield>
    <subfield code="d">NYP</subfield>
    <subfield code="d">TOH</subfield>
    <subfield code="d">BKL</subfield>
    <subfield code="d">OCLCF</subfield>
    <subfield code="d">NRC</subfield>
    <subfield code="d">UKOBU</subfield>
    <subfield code="d">PMC</subfield>
    <subfield code="d">GO3</subfield>
    <subfield code="d">OCLCQ</subfield>
    <subfield code="d">YDD</subfield>
    <subfield code="d">AU@</subfield>
    <subfield code="d">FYM</subfield>
    <subfield code="d">OMB</subfield>
    <subfield code="d">DCT</subfield>
    <subfield code="d">OCLCQ</subfield>
    <subfield code="d">CNGUL</subfield>
    <subfield code="d">DLC</subfield>
  </datafield>
  <datafield tag="042" ind1=" " ind2=" ">
    <subfield code="a">lccopycat</subfield>
  </datafield>
  <datafield tag="080" ind1=" " ind2=" ">
    <subfield code="a">720.2</subfield>
    <subfield code="b">BUR</subfield>
  </datafield>
  <datafield tag="082" ind1="0" ind2="4">
    <subfield code="a">720.1516</subfield>
    <subfield code="2">23</subfield>
  </datafield>
  <datafield tag="084" ind1=" " ind2=" ">
    <subfield code="a">TU12</subfield>
    <subfield code="2">clc</subfield>
  </datafield>
  <datafield tag="097" ind1="0" ind2="0">
    <subfield code="a">NA2750</subfield>
    <subfield code="b">.B87 2018</subfield>
  </datafield>
  <datafield tag="100" ind1="1" ind2=" ">
    <subfield code="a">Burrows, Roger,</subfield>
    <subfield code="d">1945-</subfield>
    <subfield code="e">author.</subfield>
  </datafield>
  <datafield tag="245" ind1="1" ind2="0">
    <subfield code="a">3D thinking in design and architecture :</subfield>
    <subfield code="b">from antiquity to the future /</subfield>
    <subfield code="c">Roger Burrows.</subfield>
  </datafield>
  <datafield tag="246" ind1="3" ind2=" ">
    <subfield code="a">Three-dimensional thinking in design and architecture</subfield>
  </datafield>
  <datafield tag="264" ind1=" " ind2="1">
    <subfield code="a">New York :</subfield>
    <subfield code="b">Thames &amp; Hudson,</subfield>
    <subfield code="c">2018.</subfield>
  </datafield>
  <datafield tag="264" ind1=" " ind2="4">
    <subfield code="c">©2018</subfield>
  </datafield>
  <datafield tag="300" ind1=" " ind2=" ">
    <subfield code="a">328 pages :</subfield>
    <subfield code="b">illustrations (chiefly colour) ;</subfield>
    <subfield code="c">29 cm</subfield>
  </datafield>
  <datafield tag="336" ind1=" " ind2=" ">
    <subfield code="a">text</subfield>
    <subfield code="b">txt</subfield>
    <subfield code="2">rdacontent</subfield>
  </datafield>
  <datafield tag="336" ind1=" " ind2=" ">
    <subfield code="a">still image</subfield>
    <subfield code="b">sti</subfield>
    <subfield code="2">rdacontent</subfield>
  </datafield>
  <datafield tag="337" ind1=" " ind2=" ">
    <subfield code="a">unmediated</subfield>
    <subfield code="b">n</subfield>
    <subfield code="2">rdamedia</subfield>
  </datafield>
  <datafield tag="338" ind1=" " ind2=" ">
    <subfield code="a">volume</subfield>
    <subfield code="b">nc</subfield>
    <subfield code="2">rdacarrier</subfield>
  </datafield>
  <datafield tag="504" ind1=" " ind2=" ">
    <subfield code="a">Includes bibliographical references and index.</subfield>
  </datafield>
  <datafield tag="520" ind1="8" ind2=" ">
    <subfield code="a">The geometric foundations, forms, and patterns in today&apos;s architecture, design and, decorative arts can trace their origins in past cultures. From humankind&apos;s first path-like doodles on cave walls through to the higher abstractions developed to make accurate measurements and predictions, the three-dimensional forms we design and build have always been dependent on available materials, human needs, and the limits of our imaginations. &apos;3D Thinking in Design and Architecture&apos; tells the story of the intimate relationship between geometry, mathematics and man-made design throughout human history, from the Neolithic period through the Indian, Egyptian, Babylonian, Chinese, Greek, Celtic, Islamic and Renaissance cultures, to the present and the possible future. Presenting key principles that can be applied across all design disciplines, design expert Roger Burrows relates how geometry as a visual language has evolved to meet our needs, initiated new technologies, and changed the way we think about the world around us. With a wealth of original artwork by the author to explain his ideas, this book will be an essential reference and source of inspiration for students and design professionals.</subfield>
  </datafield>
  <datafield tag="505" ind1="0" ind2=" ">
    <subfield code="a">Introduction -- Visual logic -- [I.] Visual logic through time : Neolithic geometries -- The river cultures -- Native American cultures -- The Pythagoreans -- European tribal geometry -- Geometries of the early Islamic period -- The Renaissance -- [II.] Out of the past, into the future : Modelling with equations -- Fractals -- Shape-changers -- Dynamic circles and spheres -- The future of 3D geometry -- Additional thoughts and ideas -- Glossary.</subfield>
  </datafield>
  <datafield tag="650" ind1=" " ind2="0">
    <subfield code="a">Geometry in architecture</subfield>
    <subfield code="x">History.</subfield>
  </datafield>
  <datafield tag="650" ind1=" " ind2="0">
    <subfield code="a">Architecture</subfield>
    <subfield code="x">Mathematics.</subfield>
  </datafield>
  <datafield tag="650" ind1=" " ind2="0">
    <subfield code="a">Architectural design</subfield>
    <subfield code="x">History.</subfield>
  </datafield>
  <datafield tag="650" ind1=" " ind2="0">
    <subfield code="a">Decoration and ornament, Architectural</subfield>
    <subfield code="x">History.</subfield>
  </datafield>
  <datafield tag="650" ind1=" " ind2="0">
    <subfield code="a">Architecture, Ancient</subfield>
    <subfield code="x">Influence.</subfield>
  </datafield>
  <datafield tag="650" ind1=" " ind2="0">
    <subfield code="a">Civilization, Ancient</subfield>
    <subfield code="x">Influence.</subfield>
  </datafield>
  <datafield tag="650" ind1=" " ind2="0">
    <subfield code="a">Three-dimensional imaging in architecture.</subfield>
  </datafield>
  <datafield tag="650" ind1=" " ind2="7">
    <subfield code="a">ARCHITECTURE</subfield>
    <subfield code="x">Design, Drafting, Drawing &amp; Presentation.</subfield>
    <subfield code="2">bisacsh</subfield>
  </datafield>
  <datafield tag="650" ind1=" " ind2="7">
    <subfield code="a">Geometry in architecture</subfield>
    <subfield code="x">History.</subfield>
    <subfield code="2">cct</subfield>
  </datafield>
  <datafield tag="650" ind1=" " ind2="7">
    <subfield code="a">Architecture</subfield>
    <subfield code="x">Mathematics.</subfield>
    <subfield code="2">cct</subfield>
  </datafield>
  <datafield tag="650" ind1=" " ind2="7">
    <subfield code="a">Architectural design</subfield>
    <subfield code="x">History.</subfield>
    <subfield code="2">cct</subfield>
  </datafield>
  <datafield tag="650" ind1=" " ind2="7">
    <subfield code="a">Decoration and ornament, Architectural</subfield>
    <subfield code="x">History.</subfield>
    <subfield code="2">cct</subfield>
  </datafield>
  <datafield tag="650" ind1=" " ind2="7">
    <subfield code="a">Architecture, Ancient</subfield>
    <subfield code="x">Influence.</subfield>
    <subfield code="2">cct</subfield>
  </datafield>
  <datafield tag="650" ind1=" " ind2="7">
    <subfield code="a">Civilization, Ancient</subfield>
    <subfield code="x">Influence.</subfield>
    <subfield code="2">cct</subfield>
  </datafield>
  <datafield tag="650" ind1=" " ind2="7">
    <subfield code="a">Three-dimensional imaging in architecture.</subfield>
    <subfield code="2">cct</subfield>
  </datafield>
  <datafield tag="650" ind1=" " ind2="7">
    <subfield code="a">Architecture and Planning.</subfield>
    <subfield code="2">eflch</subfield>
  </datafield>
  <datafield tag="650" ind1=" " ind2="7">
    <subfield code="a">Architectural design.</subfield>
    <subfield code="2">fast</subfield>
    <subfield code="0">(OCoLC)fst00813184</subfield>
  </datafield>
  <datafield tag="650" ind1=" " ind2="7">
    <subfield code="a">Architecture</subfield>
    <subfield code="x">Mathematics.</subfield>
    <subfield code="2">fast</subfield>
    <subfield code="0">(OCoLC)fst00813479</subfield>
  </datafield>
  <datafield tag="650" ind1=" " ind2="7">
    <subfield code="a">Decoration and ornament, Architectural.</subfield>
    <subfield code="2">fast</subfield>
    <subfield code="0">(OCoLC)fst00889225</subfield>
  </datafield>
  <datafield tag="650" ind1=" " ind2="7">
    <subfield code="a">Geometry in architecture.</subfield>
    <subfield code="2">fast</subfield>
    <subfield code="0">(OCoLC)fst00940895</subfield>
  </datafield>
  <datafield tag="650" ind1=" " ind2="7">
    <subfield code="a">Three-dimensional imaging in architecture.</subfield>
    <subfield code="2">fast</subfield>
    <subfield code="0">(OCoLC)fst01764565</subfield>
  </datafield>
  <datafield tag="655" ind1=" " ind2="7">
    <subfield code="a">History.</subfield>
    <subfield code="2">fast</subfield>
    <subfield code="0">(OCoLC)fst01411628</subfield>
  </datafield>
  <datafield tag="650" ind1=" " ind2="7">
    <subfield code="a">Architecture and Planning.</subfield>
    <subfield code="2">ukslc</subfield>
  </datafield>
</record>