
<record>
  <leader>01267cam a2200313 i 4500</leader>
  <controlfield tag="001">20086105</controlfield>
  <controlfield tag="005">20200103120750.0</controlfield>
  <controlfield tag="008">171020s2018    nyua     b    001 0 eng  </controlfield>
  <datafield tag="906" ind1=" " ind2=" ">
    <subfield code="a">7</subfield>
    <subfield code="b">cbc</subfield>
    <subfield code="c">orignew</subfield>
    <subfield code="d">1</subfield>
    <subfield code="e">ecip</subfield>
    <subfield code="f">20</subfield>
    <subfield code="g">y-gencatlg</subfield>
  </datafield>
  <datafield tag="925" ind1="0" ind2=" ">
    <subfield code="a">acquire</subfield>
    <subfield code="b">1 shelf copy</subfield>
    <subfield code="x">policy default</subfield>
  </datafield>
  <datafield tag="955" ind1=" " ind2=" ">
    <subfield code="b">rl12 2017-10-20</subfield>
    <subfield code="i">rl12 2017-10-20 to Dewey</subfield>
    <subfield code="w">xm08 2017-10-23 (telework)</subfield>
    <subfield code="a">xn11 2019-07-26 1 copy rec&apos;d., to CIP ver.</subfield>
    <subfield code="a">rl00 2019-07-30 to SMA</subfield>
    <subfield code="a">rl02 2019-07-30</subfield>
    <subfield code="f">rl02 2019-08-02 to CALM</subfield>
  </datafield>
  <datafield tag="010" ind1=" " ind2=" ">
    <subfield code="a">  2017050782</subfield>
  </datafield>
  <datafield tag="020" ind1=" " ind2=" ">
    <subfield code="a">9780393712070</subfield>
    <subfield code="q">(hardcover)</subfield>
  </datafield>
  <datafield tag="040" ind1=" " ind2=" ">
    <subfield code="a">DLC</subfield>
    <subfield code="b">eng</subfield>
    <subfield code="c">DLC</subfield>
    <subfield code="e">rda</subfield>
    <subfield code="d">DLC</subfield>
  </datafield>
  <datafield tag="042" ind1=" " ind2=" ">
    <subfield code="a">pcc</subfield>
  </datafield>
  <datafield tag="050" ind1="0" ind2="0">
    <subfield code="a">RC564</subfield>
    <subfield code="b">.E67 2018</subfield>
  </datafield>
  <datafield tag="082" ind1="0" ind2="0">
    <subfield code="a">362.29</subfield>
    <subfield code="2">23</subfield>
  </datafield>
  <datafield tag="100" ind1="1" ind2=" ">
    <subfield code="a">Erickson, Carlton K.,</subfield>
    <subfield code="e">author.</subfield>
  </datafield>
  <datafield tag="245" ind1="1" ind2="4">
    <subfield code="a">The science of addiction :</subfield>
    <subfield code="b">from neurobiology to treatment /</subfield>
    <subfield code="c">Carlton K. Erickson.</subfield>
  </datafield>
  <datafield tag="250" ind1=" " ind2=" ">
    <subfield code="a">Updated and expanded second edition.</subfield>
  </datafield>
  <datafield tag="264" ind1=" " ind2="1">
    <subfield code="a">New York :</subfield>
    <subfield code="b">W.W. Norton &amp; Company,</subfield>
    <subfield code="c">[2018]</subfield>
  </datafield>
  <datafield tag="300" ind1=" " ind2=" ">
    <subfield code="a">xxii, 360 pages :</subfield>
    <subfield code="b">illustrations ;</subfield>
    <subfield code="c">25 cm</subfield>
  </datafield>
  <datafield tag="336" ind1=" " ind2=" ">
    <subfield code="a">text</subfield>
    <subfield code="b">txt</subfield>
    <subfield code="2">rdacontent</subfield>
  </datafield>
  <datafield tag="337" ind1=" " ind2=" ">
    <subfield code="a">unmediated</subfield>
    <subfield code="b">n</subfield>
    <subfield code="2">rdamedia</subfield>
  </datafield>
  <datafield tag="338" ind1=" " ind2=" ">
    <subfield code="a">volume</subfield>
    <subfield code="b">nc</subfield>
    <subfield code="2">rdacarrier</subfield>
  </datafield>
  <datafield tag="490" ind1="0" ind2=" ">
    <subfield code="a">A Norton professional book</subfield>
  </datafield>
  <datafield tag="504" ind1=" " ind2=" ">
    <subfield code="a">Includes bibliographical references and index.</subfield>
  </datafield>
  <datafield tag="650" ind1=" " ind2="0">
    <subfield code="a">Substance abuse</subfield>
    <subfield code="x">Physiological aspects.</subfield>
  </datafield>
  <datafield tag="650" ind1=" " ind2="0">
    <subfield code="a">Substance abuse</subfield>
    <subfield code="x">Treatment.</subfield>
  </datafield>
</record>