
<record>
  <leader>01452cam a22002777i 4500</leader>
  <controlfield tag="001">20097814</controlfield>
  <controlfield tag="005">20200103121350.0</controlfield>
  <controlfield tag="008">171026s2015    nr c          100 0 eng  </controlfield>
  <datafield tag="906" ind1=" " ind2=" ">
    <subfield code="a">0</subfield>
    <subfield code="b">cbc</subfield>
    <subfield code="c">orignew</subfield>
    <subfield code="d">2</subfield>
    <subfield code="e">ncip</subfield>
    <subfield code="f">20</subfield>
    <subfield code="g">y-gencatlg</subfield>
  </datafield>
  <datafield tag="925" ind1="0" ind2=" ">
    <subfield code="a">acquire</subfield>
    <subfield code="b">1 shelf copy</subfield>
    <subfield code="x">policy default</subfield>
  </datafield>
  <datafield tag="955" ind1=" " ind2=" ">
    <subfield code="b">bc14 2017-10-26 to ALAWE/A,</subfield>
    <subfield code="a">bc14 2017-10-30 (telework)(item and holding record added),</subfield>
    <subfield code="a">bc14 2018-03-29,</subfield>
    <subfield code="a">bc14 2018-05-19 (overtime) to ALAWE/A Security Station</subfield>
  </datafield>
  <datafield tag="010" ind1=" " ind2=" ">
    <subfield code="a">  2017455250</subfield>
  </datafield>
  <datafield tag="020" ind1=" " ind2=" ">
    <subfield code="a">9789789481583</subfield>
  </datafield>
  <datafield tag="040" ind1=" " ind2=" ">
    <subfield code="a">DLC</subfield>
    <subfield code="b">eng</subfield>
    <subfield code="c">DLC</subfield>
    <subfield code="e">rda</subfield>
  </datafield>
  <datafield tag="100" ind1="1" ind2=" ">
    <subfield code="a">Onu, Justice Inyanda</subfield>
  </datafield>
  <datafield tag="245" ind1="1" ind2="0">
    <subfield code="a">Modibbo Adama University of Technology,Yola 20th inaugural lecture :</subfield>
    <subfield code="b">cotton revitalisation in Nigeria: the way forward; Wednesday 5th August, 2015 /</subfield>
    <subfield code="c">by Justice Inyanda Onu, Professor of Agricultural Economics; [Professor Kyari Mohammed, Vice Chancellor ; Chairman LAPC Professor Abel A. Adebayo].</subfield>
  </datafield>
  <datafield tag="264" ind1=" " ind2="1">
    <subfield code="a">Yola, Nigeria :</subfield>
    <subfield code="b">Lectures and Award of Prizes Committee (LAPAC), Modibbo Adama University of Technology, Yola,</subfield>
    <subfield code="c">2015.</subfield>
  </datafield>
  <datafield tag="300" ind1=" " ind2=" ">
    <subfield code="a">64 pages :</subfield>
    <subfield code="b">color portrait ;</subfield>
    <subfield code="c">21 cm</subfield>
  </datafield>
  <datafield tag="336" ind1=" " ind2=" ">
    <subfield code="a">text</subfield>
    <subfield code="b">txt</subfield>
    <subfield code="2">rdacontent</subfield>
    <subfield code="3">book</subfield>
  </datafield>
  <datafield tag="337" ind1=" " ind2=" ">
    <subfield code="a">unmediated</subfield>
    <subfield code="b">n</subfield>
    <subfield code="2">rdamedia</subfield>
    <subfield code="3">book</subfield>
  </datafield>
  <datafield tag="338" ind1=" " ind2=" ">
    <subfield code="a">volume</subfield>
    <subfield code="b">nc</subfield>
    <subfield code="2">rdacarrier</subfield>
    <subfield code="3">book</subfield>
  </datafield>
  <datafield tag="653" ind1=" " ind2=" ">
    <subfield code="a">Cotton</subfield>
    <subfield code="a">Industry</subfield>
    <subfield code="a">Nigeria</subfield>
  </datafield>
  <datafield tag="710" ind1="2" ind2=" ">
    <subfield code="a">Modibbo Adama University of Technology</subfield>
  </datafield>
  <datafield tag="700" ind1="1" ind2=" ">
    <subfield code="a">Mohammed, Kyari,</subfield>
    <subfield code="d">1963-</subfield>
  </datafield>
  <datafield tag="700" ind1="1" ind2=" ">
    <subfield code="a">Adebayo, A. A.</subfield>
    <subfield code="q">(Abel A.)</subfield>
  </datafield>
  <datafield tag="923" ind1=" " ind2=" ">
    <subfield code="a">purchase</subfield>
    <subfield code="d">2017-10-02</subfield>
    <subfield code="n">806392</subfield>
    <subfield code="s">Hogarth Representation Limited ; 93001367</subfield>
  </datafield>
</record>