
<record>
  <leader>02757cam a22004217i 4500</leader>
  <controlfield tag="001">20113929</controlfield>
  <controlfield tag="005">20200103151241.0</controlfield>
  <controlfield tag="008">171101t20162016njua     b    001 0 eng c</controlfield>
  <datafield tag="906" ind1=" " ind2=" ">
    <subfield code="a">7</subfield>
    <subfield code="b">cbc</subfield>
    <subfield code="c">pccadap</subfield>
    <subfield code="d">2</subfield>
    <subfield code="e">ncip</subfield>
    <subfield code="f">20</subfield>
    <subfield code="g">y-gencatlg</subfield>
  </datafield>
  <datafield tag="925" ind1="0" ind2=" ">
    <subfield code="a">acquire</subfield>
    <subfield code="b">1 shelf copies</subfield>
    <subfield code="x">policy default</subfield>
  </datafield>
  <datafield tag="955" ind1=" " ind2=" ">
    <subfield code="b">rk07 2017-11-01 z-processor</subfield>
    <subfield code="i">rk07 2017-11-17 to BCCD</subfield>
  </datafield>
  <datafield tag="010" ind1=" " ind2=" ">
    <subfield code="a">  2017446884</subfield>
  </datafield>
  <datafield tag="020" ind1=" " ind2=" ">
    <subfield code="z">9781119117322</subfield>
    <subfield code="q">(electronic bk.)</subfield>
  </datafield>
  <datafield tag="020" ind1=" " ind2=" ">
    <subfield code="a">9781119117254</subfield>
  </datafield>
  <datafield tag="020" ind1=" " ind2=" ">
    <subfield code="a">1119117259</subfield>
  </datafield>
  <datafield tag="035" ind1=" " ind2=" ">
    <subfield code="a">(OCoLC)ocn998813238</subfield>
  </datafield>
  <datafield tag="040" ind1=" " ind2=" ">
    <subfield code="a">COD</subfield>
    <subfield code="b">eng</subfield>
    <subfield code="c">COD</subfield>
    <subfield code="e">rda</subfield>
    <subfield code="d">OCLCF</subfield>
    <subfield code="d">OCLCA</subfield>
    <subfield code="d">DLC</subfield>
  </datafield>
  <datafield tag="050" ind1="0" ind2="0">
    <subfield code="a">TP339</subfield>
    <subfield code="b">.A38 2016</subfield>
  </datafield>
  <datafield tag="245" ind1="0" ind2="0">
    <subfield code="a">Advances in biofeedstocks and biofuels.</subfield>
    <subfield code="n">Volume 1,</subfield>
    <subfield code="p">Biofeedstocks and their processing /</subfield>
    <subfield code="c">edited by Lalit Kumar Singh, Gaurav Chaudhary.</subfield>
  </datafield>
  <datafield tag="246" ind1="3" ind2="0">
    <subfield code="a">Biofeedstocks and their processing</subfield>
  </datafield>
  <datafield tag="264" ind1=" " ind2="1">
    <subfield code="a">Hoboken, New Jersey :</subfield>
    <subfield code="b">John Wiley &amp; Sons ;</subfield>
    <subfield code="a">Beverly, Massachusetts :</subfield>
    <subfield code="b">Scrivener Publishing,</subfield>
    <subfield code="c">[2016]</subfield>
  </datafield>
  <datafield tag="264" ind1=" " ind2="4">
    <subfield code="c">©2016</subfield>
  </datafield>
  <datafield tag="300" ind1=" " ind2=" ">
    <subfield code="a">viii, 178 pages :</subfield>
    <subfield code="b">illustrations ;</subfield>
    <subfield code="c">24 cm</subfield>
  </datafield>
  <datafield tag="336" ind1=" " ind2=" ">
    <subfield code="a">text</subfield>
    <subfield code="2">rdacontent</subfield>
  </datafield>
  <datafield tag="337" ind1=" " ind2=" ">
    <subfield code="a">unmediated</subfield>
    <subfield code="2">rdamedia</subfield>
  </datafield>
  <datafield tag="338" ind1=" " ind2=" ">
    <subfield code="a">volume</subfield>
    <subfield code="2">rdacarrier</subfield>
  </datafield>
  <datafield tag="505" ind1="0" ind2="0">
    <subfield code="t">Production of Bioenergy in the Framework of Circular Economy: A Sustainable Circular System in Ecuador /</subfield>
    <subfield code="r">Vega-Quezada Cristhian, Vega-Quezada Cristhian, Blanco María, Romero Hugo --</subfield>
    <subfield code="t">The Impact of Biomass Feedstock Composition and Pre-treatments on Tar Formation during Biomass Gasification /</subfield>
    <subfield code="r">John Corton, Blanco-Sanchez P Paula, Zakir Khan, Jon Paul McCalmont, Xi Yu, George Fletcher, Steve Croxton, James Sharp, Manosh C Paul, Ian A I Watson, Iain S Donnison --</subfield>
    <subfield code="t">Key Pretreatment Technologies for An Efficient Bioethanol Production from Lignocellulosics /</subfield>
    <subfield code="r">Archana Mishra, Sanjoy Ghosh --</subfield>
    <subfield code="t">Present Status on Enzymatic Hydrolysis of Lignocellulosic Biomass for Bioethanol Production /</subfield>
    <subfield code="r">Arindam Kuila, Vinay Sharma, Vijay Kumar Garlapati, Anshu Singh, Lakshmishri Roy, Rintu Banerjee --</subfield>
    <subfield code="t">Biological Pretreatment of Lignocellulosic Biomaterials /</subfield>
    <subfield code="r">Sandeep Kaur Saggi, Geetika Gupta, Pinaki Dey --</subfield>
    <subfield code="t">Anaerobic Digestion and the Use of Pre-treatments on Lignocellulosic Feedstocks to Improve Biogas Production and Process Economics /</subfield>
    <subfield code="r">Laura Williams, Joe Gallagher, David Bryant, Sreenivas Rao Ravella --</subfield>
    <subfield code="t">Algae: The Future of Bioenergy /</subfield>
    <subfield code="r">Nivas Manohar Desai.</subfield>
  </datafield>
  <datafield tag="504" ind1=" " ind2=" ">
    <subfield code="a">Includes bibliographical references and index.</subfield>
  </datafield>
  <datafield tag="650" ind1=" " ind2="0">
    <subfield code="a">Biomass energy.</subfield>
  </datafield>
  <datafield tag="650" ind1=" " ind2="0">
    <subfield code="a">Energy crops.</subfield>
  </datafield>
  <datafield tag="650" ind1=" " ind2="0">
    <subfield code="a">Feedstock.</subfield>
  </datafield>
  <datafield tag="650" ind1=" " ind2="0">
    <subfield code="a">Chemical processes.</subfield>
  </datafield>
  <datafield tag="650" ind1=" " ind2="7">
    <subfield code="a">Biomass energy.</subfield>
    <subfield code="2">fast</subfield>
    <subfield code="0">(OCoLC)fst00832532</subfield>
  </datafield>
  <datafield tag="650" ind1=" " ind2="7">
    <subfield code="a">Chemical processes.</subfield>
    <subfield code="2">fast</subfield>
    <subfield code="0">(OCoLC)fst00853156</subfield>
  </datafield>
  <datafield tag="650" ind1=" " ind2="7">
    <subfield code="a">Energy crops.</subfield>
    <subfield code="2">fast</subfield>
    <subfield code="0">(OCoLC)fst00910027</subfield>
  </datafield>
  <datafield tag="650" ind1=" " ind2="7">
    <subfield code="a">Feedstock.</subfield>
    <subfield code="2">fast</subfield>
    <subfield code="0">(OCoLC)fst00922523</subfield>
  </datafield>
  <datafield tag="700" ind1="1" ind2=" ">
    <subfield code="a">Singh, Lalit Kumar,</subfield>
    <subfield code="e">editor.</subfield>
  </datafield>
  <datafield tag="700" ind1="1" ind2=" ">
    <subfield code="a">Chaudhary, Gaurav,</subfield>
    <subfield code="e">editor.</subfield>
  </datafield>
</record>