
<record>
  <leader>03733cam a22006257i 4500</leader>
  <controlfield tag="001">20135432</controlfield>
  <controlfield tag="005">20200103121352.0</controlfield>
  <controlfield tag="008">171108s2015    cc abf   b    000 0 chi c</controlfield>
  <datafield tag="906" ind1=" " ind2=" ">
    <subfield code="a">7</subfield>
    <subfield code="b">cbc</subfield>
    <subfield code="c">pccadap</subfield>
    <subfield code="d">3</subfield>
    <subfield code="e">ncip</subfield>
    <subfield code="f">20</subfield>
    <subfield code="g">y-nonroman</subfield>
  </datafield>
  <datafield tag="925" ind1="0" ind2=" ">
    <subfield code="a">acquire</subfield>
    <subfield code="b">1 shelf copy</subfield>
    <subfield code="x">policy default</subfield>
  </datafield>
  <datafield tag="955" ind1=" " ind2=" ">
    <subfield code="b">cc16 2017-11-08 z-processor JACKPHY</subfield>
    <subfield code="b">cc07 2018-03-07 to Asian</subfield>
    <subfield code="i">cc04 2018-08-08 to Asian</subfield>
  </datafield>
  <datafield tag="010" ind1=" " ind2=" ">
    <subfield code="a">  2017461081</subfield>
  </datafield>
  <datafield tag="020" ind1=" " ind2=" ">
    <subfield code="a">9787513637664</subfield>
  </datafield>
  <datafield tag="020" ind1=" " ind2=" ">
    <subfield code="a">7513637660</subfield>
  </datafield>
  <datafield tag="035" ind1=" " ind2=" ">
    <subfield code="a">(OCoLC)ocn907624280</subfield>
  </datafield>
  <datafield tag="040" ind1=" " ind2=" ">
    <subfield code="a">BCBTC</subfield>
    <subfield code="b">eng</subfield>
    <subfield code="e">rda</subfield>
    <subfield code="c">BCBTC</subfield>
    <subfield code="d">CNPIT</subfield>
    <subfield code="d">OCLCQ</subfield>
    <subfield code="d">HUA</subfield>
    <subfield code="d">OCLCO</subfield>
    <subfield code="d">NDD</subfield>
    <subfield code="d">IUL</subfield>
    <subfield code="d">XFF</subfield>
    <subfield code="d">OCLCF</subfield>
    <subfield code="d">OCLCQ</subfield>
    <subfield code="d">DLC</subfield>
  </datafield>
  <datafield tag="043" ind1=" " ind2=" ">
    <subfield code="a">a-cc-im</subfield>
  </datafield>
  <datafield tag="050" ind1="0" ind2="0">
    <subfield code="a">HC428.A475</subfield>
    <subfield code="b">A385 2015</subfield>
  </datafield>
  <datafield tag="066" ind1=" " ind2=" ">
    <subfield code="c">$1</subfield>
  </datafield>
  <datafield tag="245" ind1="0" ind2="0">
    <subfield code="6">880-01</subfield>
    <subfield code="a">Adungaolei Gacha diao cha :</subfield>
    <subfield code="b">Menggu zu /</subfield>
    <subfield code="c">Zhang Lijun zhu bian ; Ma Bo, Liu Yunxi fu zhu bian.</subfield>
  </datafield>
  <datafield tag="880" ind1="0" ind2="0">
    <subfield code="6">245-01/$1</subfield>
    <subfield code="a">阿敦高勒嘎查调查 :</subfield>
    <subfield code="b">蒙古族 /</subfield>
    <subfield code="c">张丽君主编 ; 马博, 刘云喜副主编.</subfield>
  </datafield>
  <datafield tag="246" ind1="3" ind2="0">
    <subfield code="6">880-02</subfield>
    <subfield code="a">Menggu zu</subfield>
  </datafield>
  <datafield tag="880" ind1="3" ind2="0">
    <subfield code="6">246-02/$1</subfield>
    <subfield code="a">蒙古族</subfield>
  </datafield>
  <datafield tag="250" ind1=" " ind2=" ">
    <subfield code="6">880-03</subfield>
    <subfield code="a">Di 1 ban.</subfield>
  </datafield>
  <datafield tag="880" ind1=" " ind2=" ">
    <subfield code="6">250-03/$1</subfield>
    <subfield code="a">第1版.</subfield>
  </datafield>
  <datafield tag="264" ind1=" " ind2="1">
    <subfield code="6">880-04</subfield>
    <subfield code="a">Beijing :</subfield>
    <subfield code="b">Zhongguo jing ji chu ban she,</subfield>
    <subfield code="c">2015.</subfield>
  </datafield>
  <datafield tag="880" ind1=" " ind2="1">
    <subfield code="6">264-04/$1</subfield>
    <subfield code="a">北京 :</subfield>
    <subfield code="b">中国经济出版社,</subfield>
    <subfield code="c">2015.</subfield>
  </datafield>
  <datafield tag="300" ind1=" " ind2=" ">
    <subfield code="a">2, 25, 4, 384 pages, 16 unnumbered pages of plates :</subfield>
    <subfield code="b">color illustrations, color map ;</subfield>
    <subfield code="c">24 cm.</subfield>
  </datafield>
  <datafield tag="336" ind1=" " ind2=" ">
    <subfield code="a">text</subfield>
    <subfield code="b">txt</subfield>
    <subfield code="2">rdacontent</subfield>
  </datafield>
  <datafield tag="337" ind1=" " ind2=" ">
    <subfield code="a">unmediated</subfield>
    <subfield code="b">n</subfield>
    <subfield code="2">rdamedia</subfield>
  </datafield>
  <datafield tag="338" ind1=" " ind2=" ">
    <subfield code="a">volume</subfield>
    <subfield code="b">nc</subfield>
    <subfield code="2">rdacarrier</subfield>
  </datafield>
  <datafield tag="490" ind1="1" ind2=" ">
    <subfield code="6">880-05</subfield>
    <subfield code="a">Zhongguo min zu jing ji cun zhuang diao cha cong shu</subfield>
  </datafield>
  <datafield tag="880" ind1="1" ind2=" ">
    <subfield code="6">490-05/$1</subfield>
    <subfield code="a">中国民族经济村庄调查丛书</subfield>
  </datafield>
  <datafield tag="504" ind1=" " ind2=" ">
    <subfield code="a">Includes bibliographical references (pages 381-384).</subfield>
  </datafield>
  <datafield tag="520" ind1=" " ind2=" ">
    <subfield code="6">880-06</subfield>
    <subfield code="a">Ben shu zhi zai tong guo cun zhuang jing ji de de diao cha, xi tong shu li xin Zhongguo cheng li yi lai, te bie shi gai ge kai fang yi lai Adungaole Gacha de jing ji she hui fa zhan bian qian, bing shuo ming min zu wen hua zai cun zhuang jing ji she hui fa zhan zhong di zhong yao di wei ji zuo yong. Ben shu hai you hen duo bu jin ru ren yi de di fang, dan shi bi jing wei jin yi bu yan jiu ben min zu cun zhuang jing ji she hui fa zhan ti gong le bi jiao xiang shi de shi zheng zi liao.</subfield>
  </datafield>
  <datafield tag="880" ind1=" " ind2=" ">
    <subfield code="6">520-06/$1</subfield>
    <subfield code="a">本书旨在通过村庄经济的的调查, 系统梳理新中国成立以来, 特别是改革开放以来阿顿高勒嘎查的经济社会发展变迁, 并说明民族文化在村庄经济社会发展中的重要地位及作用. 本书还有很多不尽如人意的地方, 但是毕竟为进一步研究本民族村庄经济社会发展提供了比较翔实的实证资料.</subfield>
  </datafield>
  <datafield tag="650" ind1=" " ind2="0">
    <subfield code="a">Mongols</subfield>
    <subfield code="z">China</subfield>
    <subfield code="z">Alxa Zuoqi (Qi)</subfield>
  </datafield>
  <datafield tag="651" ind1=" " ind2="0">
    <subfield code="a">Alxa Zuoqi (China : Qi)</subfield>
    <subfield code="x">Economic conditions.</subfield>
  </datafield>
  <datafield tag="651" ind1=" " ind2="0">
    <subfield code="a">Alxa Zuoqi (China : Qi)</subfield>
    <subfield code="x">Social conditions.</subfield>
  </datafield>
  <datafield tag="650" ind1=" " ind2="0">
    <subfield code="a">Villages</subfield>
    <subfield code="z">China</subfield>
    <subfield code="z">Alxa Zuoqi (Qi)</subfield>
  </datafield>
  <datafield tag="651" ind1=" " ind2="0">
    <subfield code="6">880-07</subfield>
    <subfield code="a">Adungaolei Gacha (Alxa Zuoqi, China : Qi)</subfield>
    <subfield code="x">Economic conditions.</subfield>
  </datafield>
  <datafield tag="880" ind1=" " ind2="4">
    <subfield code="6">651-07/$1</subfield>
    <subfield code="a">阿敦高勒嘎查 (阿拉善左旗, China : Qi)</subfield>
    <subfield code="x">Economic conditions.</subfield>
  </datafield>
  <datafield tag="651" ind1=" " ind2="0">
    <subfield code="6">880-08</subfield>
    <subfield code="a">Adungaolei Gacha (Alxa Zuoqi, China : Qi)</subfield>
    <subfield code="x">Social conditions.</subfield>
  </datafield>
  <datafield tag="880" ind1=" " ind2="4">
    <subfield code="6">651-08/$1</subfield>
    <subfield code="a">阿敦高勒嘎查 (阿拉善左旗, China : Qi)</subfield>
    <subfield code="x">Social conditions.</subfield>
  </datafield>
  <datafield tag="650" ind1=" " ind2="4">
    <subfield code="a">Mongols</subfield>
    <subfield code="z">China</subfield>
    <subfield code="z">Adungaolei Gacha (Alxa Zuoqi, China : Qi)</subfield>
  </datafield>
  <datafield tag="650" ind1=" " ind2="7">
    <subfield code="a">Economic history.</subfield>
    <subfield code="2">fast</subfield>
    <subfield code="0">(OCoLC)fst00901974</subfield>
  </datafield>
  <datafield tag="650" ind1=" " ind2="7">
    <subfield code="a">Mongols.</subfield>
    <subfield code="2">fast</subfield>
    <subfield code="0">(OCoLC)fst01025421</subfield>
  </datafield>
  <datafield tag="650" ind1=" " ind2="7">
    <subfield code="a">Social conditions.</subfield>
    <subfield code="2">fast</subfield>
    <subfield code="0">(OCoLC)fst01919811</subfield>
  </datafield>
  <datafield tag="650" ind1=" " ind2="7">
    <subfield code="a">Villages.</subfield>
    <subfield code="2">fast</subfield>
    <subfield code="0">(OCoLC)fst01166969</subfield>
  </datafield>
  <datafield tag="651" ind1=" " ind2="7">
    <subfield code="a">China</subfield>
    <subfield code="z">Alxa Zuoqi (Qi)</subfield>
    <subfield code="2">fast</subfield>
    <subfield code="0">(OCoLC)fst01339359</subfield>
  </datafield>
  <datafield tag="700" ind1="1" ind2=" ">
    <subfield code="6">880-09</subfield>
    <subfield code="a">Zhang, Lijun,</subfield>
    <subfield code="d">1964-</subfield>
    <subfield code="e">editor.</subfield>
  </datafield>
  <datafield tag="880" ind1="1" ind2=" ">
    <subfield code="6">700-09/$1</subfield>
    <subfield code="a">张丽君,</subfield>
    <subfield code="d">1964-</subfield>
    <subfield code="e">editor.</subfield>
  </datafield>
  <datafield tag="830" ind1=" " ind2="0">
    <subfield code="6">880-10</subfield>
    <subfield code="a">Zhongguo min zu jing ji cun zhuang diao cha cong shu.</subfield>
  </datafield>
  <datafield tag="880" ind1=" " ind2="0">
    <subfield code="6">830-10/$1</subfield>
    <subfield code="a">中国民族经济村庄调查丛书.</subfield>
  </datafield>
  <datafield tag="923" ind1=" " ind2=" ">
    <subfield code="s">BZT</subfield>
  </datafield>
</record>