
<record>
  <leader>02579cam a2200529 i 4500</leader>
  <controlfield tag="001">20139750</controlfield>
  <controlfield tag="005">20200103151731.0</controlfield>
  <controlfield tag="008">171113t20172017pl ab    b    001 0 eng c</controlfield>
  <datafield tag="906" ind1=" " ind2=" ">
    <subfield code="a">7</subfield>
    <subfield code="b">cbc</subfield>
    <subfield code="c">pccadap</subfield>
    <subfield code="d">2</subfield>
    <subfield code="e">ncip</subfield>
    <subfield code="f">20</subfield>
    <subfield code="g">y-gencatlg</subfield>
  </datafield>
  <datafield tag="925" ind1="0" ind2=" ">
    <subfield code="a">acquire</subfield>
    <subfield code="b">1 shelf copy</subfield>
    <subfield code="x">policy default</subfield>
  </datafield>
  <datafield tag="955" ind1=" " ind2=" ">
    <subfield code="b">xn11 2017-11-13 z-processor to USASH</subfield>
    <subfield code="i">rf06 2019-03-15 (telework) to Dewey</subfield>
    <subfield code="w">xm09 2019-03-21</subfield>
  </datafield>
  <datafield tag="010" ind1=" " ind2=" ">
    <subfield code="a">  2017289277</subfield>
  </datafield>
  <datafield tag="020" ind1=" " ind2=" ">
    <subfield code="a">3110539446</subfield>
  </datafield>
  <datafield tag="020" ind1=" " ind2=" ">
    <subfield code="a">9783110539448</subfield>
  </datafield>
  <datafield tag="020" ind1=" " ind2=" ">
    <subfield code="z">9783110539455 (ebk)</subfield>
  </datafield>
  <datafield tag="020" ind1=" " ind2=" ">
    <subfield code="z">9783110539639 (epub)</subfield>
  </datafield>
  <datafield tag="035" ind1=" " ind2=" ">
    <subfield code="a">(OCoLC)ocn969546385</subfield>
  </datafield>
  <datafield tag="040" ind1=" " ind2=" ">
    <subfield code="a">YDX</subfield>
    <subfield code="b">eng</subfield>
    <subfield code="c">YDX</subfield>
    <subfield code="e">rda</subfield>
    <subfield code="d">TOZ</subfield>
    <subfield code="d">OCLCF</subfield>
    <subfield code="d">YDX</subfield>
    <subfield code="d">DLC</subfield>
  </datafield>
  <datafield tag="042" ind1=" " ind2=" ">
    <subfield code="a">pcc</subfield>
  </datafield>
  <datafield tag="043" ind1=" " ind2=" ">
    <subfield code="a">a-ii---</subfield>
  </datafield>
  <datafield tag="050" ind1="0" ind2="0">
    <subfield code="a">DS485.G85</subfield>
    <subfield code="b">G46 2017</subfield>
  </datafield>
  <datafield tag="082" ind1="0" ind2="0">
    <subfield code="a">954/.75</subfield>
    <subfield code="2">23</subfield>
  </datafield>
  <datafield tag="245" ind1="0" ind2="0">
    <subfield code="a">Genealogy, Archive, Image :</subfield>
    <subfield code="b">Interpreting Dynastic History in Western India, c.1090-2016 /</subfield>
    <subfield code="c">Angma Jhala and Jayasinhji Jhana (eds.).</subfield>
  </datafield>
  <datafield tag="264" ind1=" " ind2="1">
    <subfield code="a">Warsaw :</subfield>
    <subfield code="b">De Gruyter Open,</subfield>
    <subfield code="c">[2017]</subfield>
  </datafield>
  <datafield tag="264" ind1=" " ind2="4">
    <subfield code="c">©2017</subfield>
  </datafield>
  <datafield tag="300" ind1=" " ind2=" ">
    <subfield code="a">xiii, 278 pages :</subfield>
    <subfield code="b">illustrations (chiefly color), maps ;</subfield>
    <subfield code="c">26 cm</subfield>
  </datafield>
  <datafield tag="336" ind1=" " ind2=" ">
    <subfield code="a">text</subfield>
    <subfield code="b">txt</subfield>
    <subfield code="2">rdacontent</subfield>
  </datafield>
  <datafield tag="337" ind1=" " ind2=" ">
    <subfield code="a">unmediated</subfield>
    <subfield code="b">n</subfield>
    <subfield code="2">rdamedia</subfield>
  </datafield>
  <datafield tag="338" ind1=" " ind2=" ">
    <subfield code="a">volume</subfield>
    <subfield code="b">nc</subfield>
    <subfield code="2">rdacarrier</subfield>
  </datafield>
  <datafield tag="504" ind1=" " ind2=" ">
    <subfield code="a">Includes bibliographical references and index.</subfield>
  </datafield>
  <datafield tag="505" ind1="0" ind2="0">
    <subfield code="t">Introduction: genealogy, archive, image /</subfield>
    <subfield code="r">Angma D. Jhala --</subfield>
    <subfield code="t">The making of Jhallesvar genealogy /</subfield>
    <subfield code="r">John McLeod --</subfield>
    <subfield code="t">Landscape, poetry and the hero /</subfield>
    <subfield code="r">Kevin McGrath --</subfield>
    <subfield code="t">Jhallesvaras in war and peace /</subfield>
    <subfield code="r">Tony McClenaghan --</subfield>
    <subfield code="t">Rani Jijima, soldier, statesman, financier: a Rajput queen in mid-eighteenth century western India /</subfield>
    <subfield code="r">Angma D. Jhala --</subfield>
    <subfield code="t">Patronage networks and musical traditions in Jhalavad /</subfield>
    <subfield code="r">Michael Oppenheim --</subfield>
    <subfield code="t">Village archives: reinventing fifteenth century memories in twenty-first century Jhalavad /</subfield>
    <subfield code="r">Jayasinji Jhala --</subfield>
  </datafield>
  <datafield tag="600" ind1="3" ind2="0">
    <subfield code="a">Jhala dynasty.</subfield>
  </datafield>
  <datafield tag="600" ind1="3" ind2="0">
    <subfield code="a">Jhala dynasty</subfield>
    <subfield code="x">Archives.</subfield>
  </datafield>
  <datafield tag="650" ind1=" " ind2="0">
    <subfield code="a">Art and history</subfield>
    <subfield code="z">India</subfield>
    <subfield code="z">Gujarat.</subfield>
  </datafield>
  <datafield tag="650" ind1=" " ind2="0">
    <subfield code="a">Visual anthropology</subfield>
    <subfield code="z">India</subfield>
    <subfield code="z">Gujarat.</subfield>
  </datafield>
  <datafield tag="651" ind1=" " ind2="0">
    <subfield code="a">Gujarat (India)</subfield>
    <subfield code="x">Kings and rulers</subfield>
    <subfield code="x">Genealogy.</subfield>
  </datafield>
  <datafield tag="651" ind1=" " ind2="0">
    <subfield code="a">Gujarat (India)</subfield>
    <subfield code="x">Historiography.</subfield>
  </datafield>
  <datafield tag="600" ind1="3" ind2="7">
    <subfield code="a">Jhala dynasty.</subfield>
    <subfield code="2">fast</subfield>
    <subfield code="0">(OCoLC)fst01595012</subfield>
  </datafield>
  <datafield tag="650" ind1=" " ind2="7">
    <subfield code="a">Art and history.</subfield>
    <subfield code="2">fast</subfield>
    <subfield code="0">(OCoLC)fst00815396</subfield>
  </datafield>
  <datafield tag="650" ind1=" " ind2="7">
    <subfield code="a">Historiography.</subfield>
    <subfield code="2">fast</subfield>
    <subfield code="0">(OCoLC)fst00958221</subfield>
  </datafield>
  <datafield tag="650" ind1=" " ind2="7">
    <subfield code="a">Kings and rulers.</subfield>
    <subfield code="2">fast</subfield>
    <subfield code="0">(OCoLC)fst00987694</subfield>
  </datafield>
  <datafield tag="650" ind1=" " ind2="7">
    <subfield code="a">Visual anthropology.</subfield>
    <subfield code="2">fast</subfield>
    <subfield code="0">(OCoLC)fst01167995</subfield>
  </datafield>
  <datafield tag="651" ind1=" " ind2="7">
    <subfield code="a">India</subfield>
    <subfield code="z">Gujarat.</subfield>
    <subfield code="2">fast</subfield>
    <subfield code="0">(OCoLC)fst01213726</subfield>
  </datafield>
  <datafield tag="655" ind1=" " ind2="7">
    <subfield code="a">Archives.</subfield>
    <subfield code="2">fast</subfield>
    <subfield code="0">(OCoLC)fst01423700</subfield>
  </datafield>
  <datafield tag="655" ind1=" " ind2="7">
    <subfield code="a">Genealogy.</subfield>
    <subfield code="2">fast</subfield>
    <subfield code="0">(OCoLC)fst01423818</subfield>
  </datafield>
  <datafield tag="700" ind1="1" ind2=" ">
    <subfield code="a">Jhala, Angma Dey,</subfield>
    <subfield code="d">1978-</subfield>
    <subfield code="e">editor.</subfield>
  </datafield>
  <datafield tag="700" ind1="1" ind2=" ">
    <subfield code="a">Jhala, Jayasinhji,</subfield>
    <subfield code="e">editor.</subfield>
  </datafield>
</record>