
<record>
  <leader>03529cam a2200385 i 4500</leader>
  <controlfield tag="001">20148345</controlfield>
  <controlfield tag="005">20200103094457.0</controlfield>
  <controlfield tag="008">171120s2018    flua     b    001 0 eng c</controlfield>
  <datafield tag="906" ind1=" " ind2=" ">
    <subfield code="a">7</subfield>
    <subfield code="b">cbc</subfield>
    <subfield code="c">orignew</subfield>
    <subfield code="d">1</subfield>
    <subfield code="e">ecip</subfield>
    <subfield code="f">20</subfield>
    <subfield code="g">y-gencatlg</subfield>
  </datafield>
  <datafield tag="925" ind1="0" ind2=" ">
    <subfield code="a">acquire</subfield>
    <subfield code="b">1 shelf copy</subfield>
    <subfield code="x">policy default</subfield>
  </datafield>
  <datafield tag="955" ind1=" " ind2=" ">
    <subfield code="a">FUG</subfield>
    <subfield code="e">rf07 2017-11-28 (telework) to Dewey</subfield>
    <subfield code="w">xm09 2017-11-28</subfield>
    <subfield code="a">xn11 2019-06-07 1 copy rec&apos;d., to CIP ver.</subfield>
    <subfield code="f">rf07 2019-06-27 CIP ver. to CALM</subfield>
  </datafield>
  <datafield tag="010" ind1=" " ind2=" ">
    <subfield code="a">  2017055310</subfield>
  </datafield>
  <datafield tag="020" ind1=" " ind2=" ">
    <subfield code="a">9780813056005 (cloth : alk. paper)</subfield>
  </datafield>
  <datafield tag="040" ind1=" " ind2=" ">
    <subfield code="a">FUG/DLC</subfield>
    <subfield code="b">eng</subfield>
    <subfield code="c">FUG</subfield>
    <subfield code="e">rda</subfield>
    <subfield code="d">DLC</subfield>
  </datafield>
  <datafield tag="042" ind1=" " ind2=" ">
    <subfield code="a">pcc</subfield>
  </datafield>
  <datafield tag="043" ind1=" " ind2=" ">
    <subfield code="a">n-mx---</subfield>
    <subfield code="a">nc-----</subfield>
  </datafield>
  <datafield tag="050" ind1="0" ind2="0">
    <subfield code="a">F1219</subfield>
    <subfield code="b">.B595 2018</subfield>
  </datafield>
  <datafield tag="082" ind1="0" ind2="0">
    <subfield code="a">972/.01</subfield>
    <subfield code="2">23</subfield>
  </datafield>
  <datafield tag="245" ind1="0" ind2="0">
    <subfield code="a">Bioarchaeology of Pre-Columbian Mesoamerica :</subfield>
    <subfield code="b">an interdisciplinary approach /</subfield>
    <subfield code="c">edited by Cathy Willermet and Andrea Cucina ; foreword by Clark Spencer Larsen.</subfield>
  </datafield>
  <datafield tag="264" ind1=" " ind2="1">
    <subfield code="a">Gainesville :</subfield>
    <subfield code="b">University Press of Florida,</subfield>
    <subfield code="c">[2018]</subfield>
  </datafield>
  <datafield tag="300" ind1=" " ind2=" ">
    <subfield code="a">xiii, 256 pages :</subfield>
    <subfield code="b">illustrations ;</subfield>
    <subfield code="c">24 cm</subfield>
  </datafield>
  <datafield tag="336" ind1=" " ind2=" ">
    <subfield code="a">text</subfield>
    <subfield code="2">rdacontent</subfield>
  </datafield>
  <datafield tag="337" ind1=" " ind2=" ">
    <subfield code="a">unmediated</subfield>
    <subfield code="2">rdamedia</subfield>
  </datafield>
  <datafield tag="338" ind1=" " ind2=" ">
    <subfield code="a">volume</subfield>
    <subfield code="2">rdacarrier</subfield>
  </datafield>
  <datafield tag="504" ind1=" " ind2=" ">
    <subfield code="a">Includes bibliographical references and index.</subfield>
  </datafield>
  <datafield tag="505" ind1="0" ind2=" ">
    <subfield code="a">Introduction / Cathy Willermet and Andrea Cucina -- On interdisciplinarity in bioarchaeology / Cathy Willermet -- Migration and mobility -- Population continuity and replacement in the pre-contact valley of Mexico / Corey S. Ragsdale and Heather J. H. Edgar -- Isotopes, dental morphology, and human provenience at the Maya site of Yaxuná, Yucatán, Mexico: mobility, interaction, and ethnicity / T. Douglas Price, Travis W. Stanton, and Andrea Cucina -- Biological affinities and mortuary archaeology in coastal northern populations of Yucatán at the end of the postclassic period: demic considerations / Andrea Cucina, Allan Ortega and Sandra Verónica Elizalde Rodarte -- Ethnicity and social identity -- Understanding late classic Maya mortuary ritual in caves: dental evidence of health from macro- and microscopic defects and caries / Amy R. Michael, Gabriel D. Wrobel and Jack Biggs -- True people, foreigners, and the framing of Maya morality / Andrew K. Scherer, Charles Golden, and Stephen Houston -- Human migration and ethnic expression in the southeastern borderland of Mesoamerica: a bioarchaeological perspective from Copan, Honduras / Shintaro Suzuki, Vera Tiesler, and T. Douglas Price -- Conclusion -- Interdisciplinary approaches in Mesoamerica: taking stock / Frances F. Berdan.</subfield>
  </datafield>
  <datafield tag="520" ind1=" " ind2=" ">
    <subfield code="a">This edited volume presents work from both Mesoamerican-based and U.S.-based researchers who use a combination of cultural ethnohistorical, (bio)archaeological, dental, and chemical data in an interdisciplinary approach to research population history in pre-Columbian Mesoamerica. The goals for such a project are threefold: 1) to encourage more cross-fertilization of work between fields and subfields, in order to more appropriately address large regional questions of population history; 2) to explicitly address the theoretical and methodological challenges and rewards of interdisciplinary work; and 3) to introduce a larger audience to the state of interdisciplinary work in Mesoamerica.</subfield>
  </datafield>
  <datafield tag="650" ind1=" " ind2="0">
    <subfield code="a">Indians of Mexico</subfield>
    <subfield code="x">Antiquities.</subfield>
  </datafield>
  <datafield tag="650" ind1=" " ind2="0">
    <subfield code="a">Indians of Central America</subfield>
    <subfield code="x">Antiquities.</subfield>
  </datafield>
  <datafield tag="651" ind1=" " ind2="0">
    <subfield code="a">Mexico</subfield>
    <subfield code="x">Antiquities.</subfield>
  </datafield>
  <datafield tag="651" ind1=" " ind2="0">
    <subfield code="a">Central America</subfield>
    <subfield code="x">Antiquities.</subfield>
  </datafield>
  <datafield tag="700" ind1="1" ind2=" ">
    <subfield code="a">Willermet, C. M.</subfield>
    <subfield code="q">(Catherine M.),</subfield>
    <subfield code="d">1968-</subfield>
    <subfield code="e">editor.</subfield>
  </datafield>
  <datafield tag="700" ind1="1" ind2=" ">
    <subfield code="a">Cucina, Andrea,</subfield>
    <subfield code="d">1966-</subfield>
    <subfield code="e">editor.</subfield>
  </datafield>
  <datafield tag="700" ind1="1" ind2=" ">
    <subfield code="a">Larsen, Clark Spencer,</subfield>
    <subfield code="e">author of foreword.</subfield>
  </datafield>
  <datafield tag="985" ind1=" " ind2=" ">
    <subfield code="a">FUGCIP</subfield>
    <subfield code="d">2017-11-20</subfield>
  </datafield>
</record>