
<record>
  <leader>02134cam a22003377i 4500</leader>
  <controlfield tag="001">20250403</controlfield>
  <controlfield tag="005">20200103151250.0</controlfield>
  <controlfield tag="008">170918s2016    is            000 0 hebo </controlfield>
  <datafield tag="906" ind1=" " ind2=" ">
    <subfield code="a">0</subfield>
    <subfield code="b">ibc</subfield>
    <subfield code="c">origres</subfield>
    <subfield code="d">u</subfield>
    <subfield code="e">ncip</subfield>
    <subfield code="f">20</subfield>
    <subfield code="g">y-nonroman</subfield>
  </datafield>
  <datafield tag="925" ind1="0" ind2=" ">
    <subfield code="a">acquire</subfield>
    <subfield code="b">1 shelf copy</subfield>
    <subfield code="x">policy default</subfield>
  </datafield>
  <datafield tag="955" ind1=" " ind2=" ">
    <subfield code="a">ve01 2018-01-05</subfield>
  </datafield>
  <datafield tag="035" ind1=" " ind2=" ">
    <subfield code="a">(IsJeAIW)wb2017424770</subfield>
  </datafield>
  <datafield tag="040" ind1=" " ind2=" ">
    <subfield code="a">DLC</subfield>
    <subfield code="b">eng</subfield>
    <subfield code="c">DLC</subfield>
    <subfield code="e">rda</subfield>
  </datafield>
  <datafield tag="066" ind1=" " ind2=" ">
    <subfield code="c">(2</subfield>
  </datafield>
  <datafield tag="100" ind1="1" ind2=" ">
    <subfield code="a">Maimonides, Moses,</subfield>
    <subfield code="d">1135-1204.</subfield>
  </datafield>
  <datafield tag="245" ind1="1" ind2="0">
    <subfield code="6">880-01</subfield>
    <subfield code="a">Hilkhot ḳidush ha-ḥodesh la-Rambam /</subfield>
    <subfield code="c">Avraham Shabtai Lifshitats.</subfield>
  </datafield>
  <datafield tag="264" ind1=" " ind2="1">
    <subfield code="6">880-02</subfield>
    <subfield code="a">Yerushalayim :</subfield>
    <subfield code="b">Mekhon ḥokhmat Shlomo,</subfield>
    <subfield code="c">777 [2016 or 2017]</subfield>
  </datafield>
  <datafield tag="300" ind1=" " ind2=" ">
    <subfield code="a">140, 78 pages ;</subfield>
    <subfield code="c">32 cm</subfield>
  </datafield>
  <datafield tag="336" ind1=" " ind2=" ">
    <subfield code="a">text</subfield>
    <subfield code="b">txt</subfield>
    <subfield code="2">rdacontent</subfield>
  </datafield>
  <datafield tag="337" ind1=" " ind2=" ">
    <subfield code="a">unmediated</subfield>
    <subfield code="b">n</subfield>
    <subfield code="2">rdamedia</subfield>
  </datafield>
  <datafield tag="338" ind1=" " ind2=" ">
    <subfield code="a">volume</subfield>
    <subfield code="b">nc</subfield>
    <subfield code="2">rdacarrier</subfield>
  </datafield>
  <datafield tag="520" ind1=" " ind2=" ">
    <subfield code="a">ʻim haśagot ha-raʼabad ṿe-haramah, ʻalehem nosfu arbaʻah pirushim, perush le-rabi ʻOvadiah bar Daṿid levush adar ha-yaḳar le-rabi Mordekhai Yafeh prashat ha-ḥodesh le-rabi Yom Ṭov Lipman He`lir kol eleh hughu be-ʻiyun rav be-diḳduḳ ṭuba be-hosafat iyurim meʼirim, tsiyunim, heʻarot, ahbuh nusḥaʼot.</subfield>
  </datafield>
  <datafield tag="700" ind1="0" ind2=" ">
    <subfield code="a">Abraham ben David,</subfield>
    <subfield code="c">of Posquières,</subfield>
    <subfield code="d">approximately 1125-1198.</subfield>
  </datafield>
  <datafield tag="700" ind1="1" ind2="2">
    <subfield code="a">Jaffe, Mordecai ben Abraham,</subfield>
    <subfield code="d">approximately 1535-1612.</subfield>
    <subfield code="t">Levush adar ha-yaḳar.</subfield>
  </datafield>
  <datafield tag="700" ind1="1" ind2="2">
    <subfield code="a">Heller, Yom Tov Lipmann ben Nathan ha-Levi ben Wallerstein,</subfield>
    <subfield code="d">1579-1654.</subfield>
    <subfield code="t">Parashat ha-ḥodesh.</subfield>
  </datafield>
  <datafield tag="700" ind1="1" ind2=" ">
    <subfield code="a">Lifshṭats, Avraham Shbtai.</subfield>
  </datafield>
  <datafield tag="752" ind1=" " ind2=" ">
    <subfield code="a">Israel</subfield>
    <subfield code="d">Jerusalem.</subfield>
  </datafield>
  <datafield tag="880" ind1="1" ind2="0">
    <subfield code="6">245-01/(2/r</subfield>
    <subfield code="a">הלכות קדוש החודש לרמב״ם /</subfield>
    <subfield code="c">עם השגות הראב״ד והרמ״ה, עליהם נוספו ארבעה פירושים, פירוש ל ... עובדיה ב״ר דוד, לבוש אדר היקר ל . .. מרדכי יפה ... פרשת החדש ל... יום טוב ליפמן העליר... כל אלה הוגהו בעיון רב בדקדוק טובא בהוספת איורים מאירים, ציונים, הערות, שינוי נוסחאות אברהם שבתי ליפשיטץ.</subfield>
  </datafield>
  <datafield tag="880" ind1=" " ind2=" ">
    <subfield code="6">260-02/(2/r</subfield>
    <subfield code="a">ירושלים :</subfield>
    <subfield code="b">מכון חכמת שלמה,</subfield>
    <subfield code="c">תשע״ז.</subfield>
  </datafield>
  <datafield tag="923" ind1=" " ind2=" ">
    <subfield code="d">20171022</subfield>
    <subfield code="n">30290</subfield>
    <subfield code="s">IsJeAIW</subfield>
  </datafield>
  <datafield tag="985" ind1=" " ind2=" ">
    <subfield code="e">VENDOR LOAD</subfield>
  </datafield>
</record>