
<record>
  <leader>02084cam a22003377i 4500</leader>
  <controlfield tag="001">20250420</controlfield>
  <controlfield tag="005">20200103151251.0</controlfield>
  <controlfield tag="008">170612s2016    is            000 0 hebo </controlfield>
  <datafield tag="906" ind1=" " ind2=" ">
    <subfield code="a">0</subfield>
    <subfield code="b">ibc</subfield>
    <subfield code="c">origres</subfield>
    <subfield code="d">2</subfield>
    <subfield code="e">ncip</subfield>
    <subfield code="f">20</subfield>
    <subfield code="g">y-nonroman</subfield>
  </datafield>
  <datafield tag="925" ind1="0" ind2=" ">
    <subfield code="a">acquire</subfield>
    <subfield code="b">1 shelf copy</subfield>
    <subfield code="x">policy default</subfield>
  </datafield>
  <datafield tag="955" ind1=" " ind2=" ">
    <subfield code="a">ve01 2018-01-05 ;</subfield>
    <subfield code="b">ti40 2019-04-10 added LCCN and holding and item records</subfield>
    <subfield code="a">cd00 2019-04-10 to ASME/IJ</subfield>
  </datafield>
  <datafield tag="010" ind1=" " ind2=" ">
    <subfield code="a">  2018465737</subfield>
  </datafield>
  <datafield tag="035" ind1=" " ind2=" ">
    <subfield code="a">(IsJeAIW)wb2017422767</subfield>
  </datafield>
  <datafield tag="040" ind1=" " ind2=" ">
    <subfield code="a">DLC</subfield>
    <subfield code="b">eng</subfield>
    <subfield code="c">DLC</subfield>
    <subfield code="e">rda</subfield>
  </datafield>
  <datafield tag="066" ind1=" " ind2=" ">
    <subfield code="c">(2</subfield>
  </datafield>
  <datafield tag="100" ind1="1" ind2=" ">
    <subfield code="6">880-01</subfield>
    <subfield code="a">Maimonides, Moses,</subfield>
    <subfield code="d">1135-1204.</subfield>
  </datafield>
  <datafield tag="880" ind1="1" ind2=" ">
    <subfield code="6">100-01/(2/r</subfield>
    <subfield code="a">פרנקל, שבתי,</subfield>
    <subfield code="d">1135-1204.</subfield>
  </datafield>
  <datafield tag="245" ind1="1" ind2="0">
    <subfield code="6">880-02</subfield>
    <subfield code="a">Mishne torah hu ha-yad ha-ḥazaḳah le-Harambam :</subfield>
    <subfield code="b">sefer zemanim kerekh 3 - 1/2 /</subfield>
    <subfield code="c">be-ʻarikhat: Shabtay Frenḳel.</subfield>
  </datafield>
  <datafield tag="880" ind1="1" ind2="0">
    <subfield code="6">245-02/(2/r</subfield>
    <subfield code="a">משנה תורה הוא היד החזקה להרמב״ם ־ ספר זמנים כרך ג ־ א/ב :</subfield>
    <subfield code="b">סודר ונדפס מחדש מוגה ושלם ע״פ כת״י עתיקים... השגות הראבד בשלמותן... הגהות מיימוניות... מגדל עוז... מוגהים עפ״י הדפוסים הראשונים בתוספת מראי מקומות ועוד הוספנו ספרים מראשונים וגדולי האחרונים /</subfield>
    <subfield code="c">בעריכת..: שבתי פרנקל....</subfield>
  </datafield>
  <datafield tag="246" ind1="3" ind2=" ">
    <subfield code="a">Mishneh Torah By Moses Maimonides Book Of Zemanim</subfield>
  </datafield>
  <datafield tag="880" ind1=" " ind2=" ">
    <subfield code="6">250-02/(2/r</subfield>
    <subfield code="a">שבתי פרנקל.</subfield>
  </datafield>
  <datafield tag="880" ind1=" " ind2=" ">
    <subfield code="6">260-03/(2/r</subfield>
    <subfield code="a">ירושלים :</subfield>
    <subfield code="b">שבתי פרנקל,</subfield>
    <subfield code="c">תשע״ז.</subfield>
  </datafield>
  <datafield tag="264" ind1=" " ind2="1">
    <subfield code="6">880-03</subfield>
    <subfield code="a">Yerushalayim :</subfield>
    <subfield code="b">S. Frenḳel,</subfield>
    <subfield code="c">777 [2016 or 2017]</subfield>
  </datafield>
  <datafield tag="300" ind1=" " ind2=" ">
    <subfield code="a">1/2 volume :</subfield>
    <subfield code="b">illustrations ;</subfield>
    <subfield code="c">30 cm</subfield>
  </datafield>
  <datafield tag="336" ind1=" " ind2=" ">
    <subfield code="a">text</subfield>
    <subfield code="b">txt</subfield>
    <subfield code="2">rdacontent</subfield>
  </datafield>
  <datafield tag="337" ind1=" " ind2=" ">
    <subfield code="a">unmediated</subfield>
    <subfield code="b">n</subfield>
    <subfield code="2">rdamedia</subfield>
  </datafield>
  <datafield tag="338" ind1=" " ind2=" ">
    <subfield code="a">volume</subfield>
    <subfield code="b">nc</subfield>
    <subfield code="2">rdacarrier</subfield>
  </datafield>
  <datafield tag="520" ind1=" " ind2=" ">
    <subfield code="a">sudar ṿe-nidpas me-ḥadash mugeh ṿe-shalem ʻal pi kitve yad ʻatiḳim haśagot ha-rabad bi-shelemutan hagahot maymoniyot migdak ʻoz  mugahim ʻal pi ha-defusim ha-rishonim be-tosefet marʼe meḳomot ṿe-ʻod hosafnu sefarim mi-rishonim u-gedole ha-aḥronim.</subfield>
  </datafield>
  <datafield tag="752" ind1=" " ind2=" ">
    <subfield code="a">Israel</subfield>
    <subfield code="d">Jerusalem.</subfield>
  </datafield>
  <datafield tag="923" ind1=" " ind2=" ">
    <subfield code="d">20171022</subfield>
    <subfield code="n">30292</subfield>
    <subfield code="s">IsJeAIW</subfield>
  </datafield>
  <datafield tag="985" ind1=" " ind2=" ">
    <subfield code="e">VENDOR LOAD</subfield>
  </datafield>
</record>