
<record>
  <leader>01884cam a22003257i 4500</leader>
  <controlfield tag="001">20250424</controlfield>
  <controlfield tag="005">20200103151251.0</controlfield>
  <controlfield tag="008">170704s2016    is            000 0 hebo </controlfield>
  <datafield tag="906" ind1=" " ind2=" ">
    <subfield code="a">0</subfield>
    <subfield code="b">ibc</subfield>
    <subfield code="c">origres</subfield>
    <subfield code="d">2</subfield>
    <subfield code="e">ncip</subfield>
    <subfield code="f">20</subfield>
    <subfield code="g">y-nonroman</subfield>
  </datafield>
  <datafield tag="925" ind1="0" ind2=" ">
    <subfield code="a">acquire</subfield>
    <subfield code="b">1 shelf copy</subfield>
    <subfield code="x">policy default</subfield>
  </datafield>
  <datafield tag="955" ind1=" " ind2=" ">
    <subfield code="a">ve01 2018-01-05 ;</subfield>
    <subfield code="b">ti40 2018-01-24 added LCCN and holding and item records</subfield>
    <subfield code="a">cd00 2018-01-24 to ASME/IJ</subfield>
  </datafield>
  <datafield tag="010" ind1=" " ind2=" ">
    <subfield code="a">  2017490663</subfield>
  </datafield>
  <datafield tag="035" ind1=" " ind2=" ">
    <subfield code="a">(IsJeAIW)wb2017423481</subfield>
  </datafield>
  <datafield tag="040" ind1=" " ind2=" ">
    <subfield code="a">DLC</subfield>
    <subfield code="b">eng</subfield>
    <subfield code="c">DLC</subfield>
    <subfield code="e">rda</subfield>
  </datafield>
  <datafield tag="066" ind1=" " ind2=" ">
    <subfield code="c">(2</subfield>
  </datafield>
  <datafield tag="100" ind1="1" ind2=" ">
    <subfield code="a">Oyerbakh, Shelomoh Zalman.</subfield>
  </datafield>
  <datafield tag="880" ind1="0" ind2=" ">
    <subfield code="6">100-03/(2/r</subfield>
    <subfield code="a">.</subfield>
  </datafield>
  <datafield tag="245" ind1="1" ind2="0">
    <subfield code="6">880-01</subfield>
    <subfield code="a">Shalme Shabat /</subfield>
    <subfield code="c">nilḳaṭ, neʻerakhṿe-ninisdar ʻal-yede: Ṭuviah [ben] ḥayim Frryend.</subfield>
  </datafield>
  <datafield tag="880" ind1="1" ind2="0">
    <subfield code="6">245-01/(2/r</subfield>
    <subfield code="a">שלמי שבת :</subfield>
    <subfield code="b">פסקים ופנינים, הלכות והנהגות על סדר יום שכולו שבת, עניני הכנות לשבת, נרות שבת, תוספת שבת, תפילות שבת, קידוש וסעודות שבת, קריאת התורה בשבת, מוצאי שבת והבדלה /</subfield>
    <subfield code="c">ממשנתו של שלמה זלמן אויערבאך ; נלקט, נערך ונסדר ע״י טוביה [בן] חיים פריינד.</subfield>
  </datafield>
  <datafield tag="880" ind1=" " ind2=" ">
    <subfield code="6">260-02/(2/r</subfield>
    <subfield code="a">מודיעין עילית :</subfield>
    <subfield code="b">ט. פריינד,</subfield>
    <subfield code="c">תשע״ז.</subfield>
  </datafield>
  <datafield tag="264" ind1=" " ind2="1">
    <subfield code="6">880-02</subfield>
    <subfield code="a">Modiʻin ʻIlit :</subfield>
    <subfield code="b">s,</subfield>
    <subfield code="c">777 [2016 or 2017]</subfield>
  </datafield>
  <datafield tag="300" ind1=" " ind2=" ">
    <subfield code="a">[26], 629 pages ;</subfield>
    <subfield code="c">25 cm</subfield>
  </datafield>
  <datafield tag="336" ind1=" " ind2=" ">
    <subfield code="a">text</subfield>
    <subfield code="b">txt</subfield>
    <subfield code="2">rdacontent</subfield>
  </datafield>
  <datafield tag="337" ind1=" " ind2=" ">
    <subfield code="a">unmediated</subfield>
    <subfield code="b">n</subfield>
    <subfield code="2">rdamedia</subfield>
  </datafield>
  <datafield tag="338" ind1=" " ind2=" ">
    <subfield code="a">volume</subfield>
    <subfield code="b">nc</subfield>
    <subfield code="2">rdacarrier</subfield>
  </datafield>
  <datafield tag="520" ind1=" " ind2=" ">
    <subfield code="a">pesaḳim u-fninim, halakhot ṿe-hanhagot ʻal seder yom she-kulo shabat, ʻinyane hakhanot le-shabat, tosefet shabat, tefilot shabat, ḳidush ṿe-seʻudot shabat, ḳeriʼat ha-torah be-shabat, morsaʼe shabat ṿe-havdalah mi-mishnato shel raban Shelomoh Zalman Oyerbakh.</subfield>
  </datafield>
  <datafield tag="700" ind1="1" ind2=" ">
    <subfield code="a">Froind, Ṭuvyah.</subfield>
  </datafield>
  <datafield tag="752" ind1=" " ind2=" ">
    <subfield code="a">Israel</subfield>
    <subfield code="d">Modiʻin ʻIlit.</subfield>
  </datafield>
  <datafield tag="923" ind1=" " ind2=" ">
    <subfield code="d">20171022</subfield>
    <subfield code="n">30292</subfield>
    <subfield code="s">IsJeAIW</subfield>
  </datafield>
  <datafield tag="985" ind1=" " ind2=" ">
    <subfield code="e">VENDOR LOAD</subfield>
  </datafield>
</record>