
<record>
  <leader>02681cam a22003617i 4500</leader>
  <controlfield tag="001">20250425</controlfield>
  <controlfield tag="005">20200103151251.0</controlfield>
  <controlfield tag="008">170626s2016    is            000 0 hebo </controlfield>
  <datafield tag="906" ind1=" " ind2=" ">
    <subfield code="a">0</subfield>
    <subfield code="b">ibc</subfield>
    <subfield code="c">origres</subfield>
    <subfield code="d">2</subfield>
    <subfield code="e">ncip</subfield>
    <subfield code="f">20</subfield>
    <subfield code="g">y-nonroman</subfield>
  </datafield>
  <datafield tag="925" ind1="0" ind2=" ">
    <subfield code="a">acquire</subfield>
    <subfield code="b">1 shelf copy</subfield>
    <subfield code="x">policy default</subfield>
  </datafield>
  <datafield tag="955" ind1=" " ind2=" ">
    <subfield code="a">ve01 2018-01-05 ;</subfield>
    <subfield code="b">ti40 2018-02-21 added LCCN and holding and item records</subfield>
    <subfield code="a">cd00 2018-02-21 to ASME/IJ</subfield>
  </datafield>
  <datafield tag="010" ind1=" " ind2=" ">
    <subfield code="a">  2017499447</subfield>
  </datafield>
  <datafield tag="035" ind1=" " ind2=" ">
    <subfield code="a">(IsJeAIW)wb2017423008</subfield>
  </datafield>
  <datafield tag="040" ind1=" " ind2=" ">
    <subfield code="a">DLC</subfield>
    <subfield code="b">eng</subfield>
    <subfield code="c">DLC</subfield>
    <subfield code="e">rda</subfield>
  </datafield>
  <datafield tag="066" ind1=" " ind2=" ">
    <subfield code="c">(2</subfield>
  </datafield>
  <datafield tag="130" ind1="0" ind2=" ">
    <subfield code="6">880-01</subfield>
    <subfield code="a">Bible.</subfield>
    <subfield code="p">Pentateuch.</subfield>
    <subfield code="l">Hebrew.</subfield>
    <subfield code="f">2016.</subfield>
  </datafield>
  <datafield tag="245" ind1="1" ind2="0">
    <subfield code="6">880-02</subfield>
    <subfield code="a">Tiḳun ḳorʼim ʻAmude Shemuʼel /</subfield>
    <subfield code="c">Shemuʼel Maḥfud.</subfield>
  </datafield>
  <datafield tag="880" ind1="1" ind2="0">
    <subfield code="6">245-02/(2/r</subfield>
    <subfield code="a">תיקון קוראים עמודי שמואל :</subfield>
    <subfield code="b">חמשה חומשי תורה והפטריות בנוסח ק״ק תימן, בלדי ושאמי. .. מסודר בעמודיו ובשורותיו כספרי התורה התימנים ... על פי תיג&apos;אן קדמונים ... כולל: ... אונקלוס, רש״י מנוקד עפ״י מסורת יהודי תימן, ליקוט אוצרות תימן : [פירושים מחכמי תימן, אשר חלקם רואים אור לראשונה], וכן הפטרות ... עם תרגום יונתן בן עוזיאל, גם ... חלק הדקדוק על דיוקי נוסחאות במקרא וטעמיו... אשר פעל. .. מהרי״ץ, וכן ליקוט מסורת מדויקת ל... הגר״י צוברי /</subfield>
    <subfield code="c">בהגהתם... של פנחס קורח, מרדכי רמתי ואדם בן נון.</subfield>
  </datafield>
  <datafield tag="880" ind1=" " ind2=" ">
    <subfield code="6">260-03/(2/r</subfield>
    <subfield code="a">בני ברק :</subfield>
    <subfield code="b">נוסח תימן שגיב מחפוד,</subfield>
    <subfield code="c">תשע״ז.</subfield>
  </datafield>
  <datafield tag="264" ind1=" " ind2="1">
    <subfield code="6">880-03</subfield>
    <subfield code="a">Bene Beraḳ :</subfield>
    <subfield code="b">Nosaḥ Teman Śagiv Maḥfud,</subfield>
    <subfield code="c">777 [2016 or 2017]</subfield>
  </datafield>
  <datafield tag="300" ind1=" " ind2=" ">
    <subfield code="a">608 pages ;</subfield>
    <subfield code="c">35 cm</subfield>
  </datafield>
  <datafield tag="336" ind1=" " ind2=" ">
    <subfield code="a">text</subfield>
    <subfield code="b">txt</subfield>
    <subfield code="2">rdacontent</subfield>
  </datafield>
  <datafield tag="337" ind1=" " ind2=" ">
    <subfield code="a">unmediated</subfield>
    <subfield code="b">n</subfield>
    <subfield code="2">rdamedia</subfield>
  </datafield>
  <datafield tag="338" ind1=" " ind2=" ">
    <subfield code="a">volume</subfield>
    <subfield code="b">nc</subfield>
    <subfield code="2">rdacarrier</subfield>
  </datafield>
  <datafield tag="520" ind1=" " ind2=" ">
    <subfield code="a">ḥamishah ḥumshe torah ṿe-hafṭarot be-nusaḥ Teman bladi ṿe-shemi, tiḳun ḳorʼim mesudar be-ʻamudaṿ ube-shurotaṿ ke-sifre ha-torah ha-temanim ḳolel targum unḳelus, rashi menuḳad ʻal pi masoret yehude teman gam nilṿeh ʻimam sefer &quot;ḥeleḳ ha-diḳduḳ&quot; ʻal dyuḳe nusḥaʼot ba-miḳra ṿe-&apos;taʻamaṿ ṿe-khen liḳuṭ &quot;masoret meduyeḳet&quot; l ḥagr&quot;i Tsuberi be-hagahatam ṿe-diyuḳam shel: ha-rahag Pinḥas Ḳoraḥ, Mordekhai Ramati ṿe-Adam Ben Nun.</subfield>
  </datafield>
  <datafield tag="700" ind1="1" ind2=" ">
    <subfield code="a">Ḳoraḥ, Pinḥas ben Yosef.</subfield>
  </datafield>
  <datafield tag="700" ind1="1" ind2=" ">
    <subfield code="a">Ramati, Mordekhai.</subfield>
  </datafield>
  <datafield tag="700" ind1="1" ind2=" ">
    <subfield code="a">Ṣaliḥ, Yaāyā ben Joseph,</subfield>
    <subfield code="d">1725-1806.</subfield>
  </datafield>
  <datafield tag="700" ind1="1" ind2=" ">
    <subfield code="a">Bin-Nun, Adam ben ʻOvadyah.</subfield>
  </datafield>
  <datafield tag="700" ind1="1" ind2=" ">
    <subfield code="a">Tsuberi, Yosef ben Yaʻaḳov.</subfield>
  </datafield>
  <datafield tag="752" ind1=" " ind2=" ">
    <subfield code="a">Israel</subfield>
    <subfield code="d">Bene Beraḳ.</subfield>
  </datafield>
  <datafield tag="923" ind1=" " ind2=" ">
    <subfield code="d">20171022</subfield>
    <subfield code="n">30292</subfield>
    <subfield code="s">IsJeAIW</subfield>
  </datafield>
  <datafield tag="985" ind1=" " ind2=" ">
    <subfield code="e">VENDOR LOAD</subfield>
  </datafield>
</record>