
<record>
  <leader>02072cam a22003137i 4500</leader>
  <controlfield tag="001">20250442</controlfield>
  <controlfield tag="005">20200103151253.0</controlfield>
  <controlfield tag="008">170726s2016    is            000 0 hebo </controlfield>
  <datafield tag="906" ind1=" " ind2=" ">
    <subfield code="a">0</subfield>
    <subfield code="b">ibc</subfield>
    <subfield code="c">origres</subfield>
    <subfield code="d">2</subfield>
    <subfield code="e">ncip</subfield>
    <subfield code="f">20</subfield>
    <subfield code="g">y-nonroman</subfield>
  </datafield>
  <datafield tag="925" ind1="0" ind2=" ">
    <subfield code="a">acquire</subfield>
    <subfield code="b">1 shelf copy</subfield>
    <subfield code="x">policy default</subfield>
  </datafield>
  <datafield tag="955" ind1=" " ind2=" ">
    <subfield code="a">ve01 2018-01-05</subfield>
    <subfield code="b">cd04 2018-04-11 telework added LCCN, HR, IR</subfield>
    <subfield code="a">cd00 2018-04-11 to ASME/IJ</subfield>
  </datafield>
  <datafield tag="010" ind1=" " ind2=" ">
    <subfield code="a">  2017480369</subfield>
  </datafield>
  <datafield tag="035" ind1=" " ind2=" ">
    <subfield code="a">(IsJeAIW)wb2017423801</subfield>
  </datafield>
  <datafield tag="040" ind1=" " ind2=" ">
    <subfield code="a">DLC</subfield>
    <subfield code="b">eng</subfield>
    <subfield code="c">DLC</subfield>
    <subfield code="e">rda</subfield>
  </datafield>
  <datafield tag="066" ind1=" " ind2=" ">
    <subfield code="c">(2</subfield>
  </datafield>
  <datafield tag="100" ind1="1" ind2=" ">
    <subfield code="6">880-01</subfield>
    <subfield code="a">Ḳopshṭain, Yaʻakov ben Mordekhai Sender,</subfield>
    <subfield code="c">ha-Leṿi.</subfield>
  </datafield>
  <datafield tag="880" ind1="1" ind2=" ">
    <subfield code="6">100-01/(2/r</subfield>
    <subfield code="a">הלוי, יעקב,</subfield>
    <subfield code="c">ha-Le.vi.</subfield>
  </datafield>
  <datafield tag="245" ind1="1" ind2="0">
    <subfield code="6">880-02</subfield>
    <subfield code="a">Torat ha-Leṿiyim /</subfield>
    <subfield code="c">asher ḥanan Yaʻaḳov [ben] Mordekhai Sender Haleṿi.</subfield>
  </datafield>
  <datafield tag="880" ind1="1" ind2="0">
    <subfield code="6">245-02/(2/r</subfield>
    <subfield code="a">תורת הלוים :</subfield>
    <subfield code="b">כולל כל המצוות והדינים השייך ללוים בזמן שבית המקדש היה קיים וגם מה ששייך להם עתה... כעת יו״ל בפנים חדשות ותיקונים רבים והערות מהגאון האדר״ת על הספר מכת״י, מראה מקומות וציונים ועוד ליקוטים חשובים הנוגעים לעניני לויה /</subfield>
    <subfield code="c">אשר חנן ... יעקב [בן] מרדכי סענדר הלוי.</subfield>
  </datafield>
  <datafield tag="264" ind1=" " ind2="1">
    <subfield code="6">880-03</subfield>
    <subfield code="a">Ramat Bet Shemesh :</subfield>
    <subfield code="b">Gringras Shemuʼel,</subfield>
    <subfield code="c">777 [2016 or 2017]</subfield>
  </datafield>
  <datafield tag="880" ind1=" " ind2=" ">
    <subfield code="6">260-03/(2/r</subfield>
    <subfield code="a">רמת בית שמש :</subfield>
    <subfield code="b">גרינגרס שמואל,</subfield>
    <subfield code="c">תשע״ז.</subfield>
  </datafield>
  <datafield tag="300" ind1=" " ind2=" ">
    <subfield code="a">214 pages ;</subfield>
    <subfield code="c">24 cm</subfield>
  </datafield>
  <datafield tag="336" ind1=" " ind2=" ">
    <subfield code="a">text</subfield>
    <subfield code="b">txt</subfield>
    <subfield code="2">rdacontent</subfield>
  </datafield>
  <datafield tag="337" ind1=" " ind2=" ">
    <subfield code="a">unmediated</subfield>
    <subfield code="b">n</subfield>
    <subfield code="2">rdamedia</subfield>
  </datafield>
  <datafield tag="338" ind1=" " ind2=" ">
    <subfield code="a">volume</subfield>
    <subfield code="b">nc</subfield>
    <subfield code="2">rdacarrier</subfield>
  </datafield>
  <datafield tag="520" ind1=" " ind2=" ">
    <subfield code="a">mahadurah ḳam ṿe-tanyana kolel kol ha-mitsṿot ṿeha-dinim ha-shayakh la-leviyim bi-zmanshe-bet ha-miḳdash hayah ḳayam ve-gam mah she-shayakh lahem ʻatah ḳaʻet yotsde laʼor be-fanim ḥadashot ṿe-tiḳunim rabim ṿe-heʻarot me-hagaʼon ha-aderet ʻal ha-sefer me-kitve yad, marʼeh meḳomot ṿe-tsiyunim ṿe-ʻod liḳuṭim ḥashuvim ha-nogʻim le-ʻinyane leṿiyah.</subfield>
  </datafield>
  <datafield tag="752" ind1=" " ind2=" ">
    <subfield code="a">Israel</subfield>
    <subfield code="d">Ramat Bet Shemesh.</subfield>
  </datafield>
  <datafield tag="923" ind1=" " ind2=" ">
    <subfield code="d">20171022</subfield>
    <subfield code="n">30294</subfield>
    <subfield code="s">IsJeAIW</subfield>
  </datafield>
  <datafield tag="985" ind1=" " ind2=" ">
    <subfield code="e">VENDOR LOAD</subfield>
  </datafield>
</record>