
<record>
  <leader>01524cam a22003497i 4500</leader>
  <controlfield tag="001">20250450</controlfield>
  <controlfield tag="005">20200103151253.0</controlfield>
  <controlfield tag="008">170926s2016    is            000 0 hebo </controlfield>
  <datafield tag="906" ind1=" " ind2=" ">
    <subfield code="a">0</subfield>
    <subfield code="b">ibc</subfield>
    <subfield code="c">origres</subfield>
    <subfield code="d">u</subfield>
    <subfield code="e">ncip</subfield>
    <subfield code="f">20</subfield>
    <subfield code="g">y-nonroman</subfield>
  </datafield>
  <datafield tag="925" ind1="0" ind2=" ">
    <subfield code="a">acquire</subfield>
    <subfield code="b">1 shelf copy</subfield>
    <subfield code="x">policy default</subfield>
  </datafield>
  <datafield tag="955" ind1=" " ind2=" ">
    <subfield code="a">ve01 2018-01-05</subfield>
  </datafield>
  <datafield tag="035" ind1=" " ind2=" ">
    <subfield code="a">(IsJeAIW)wb2017424919</subfield>
  </datafield>
  <datafield tag="040" ind1=" " ind2=" ">
    <subfield code="a">DLC</subfield>
    <subfield code="b">eng</subfield>
    <subfield code="c">DLC</subfield>
    <subfield code="e">rda</subfield>
  </datafield>
  <datafield tag="066" ind1=" " ind2=" ">
    <subfield code="c">(2</subfield>
  </datafield>
  <datafield tag="100" ind1="1" ind2=" ">
    <subfield code="6">880-01</subfield>
    <subfield code="a">Sonnenfeld, Joseph Ḥayyim ben Abraham Solomon,</subfield>
    <subfield code="d">1849-1932.</subfield>
  </datafield>
  <datafield tag="245" ind1="1" ind2="0">
    <subfield code="6">880-02</subfield>
    <subfield code="a">Ḥokhmat ḥayim /</subfield>
    <subfield code="c">Yosef Ḥayim Zonenfeld neʼerakh al yede: Shelomoh Zalman Zonenfeld.</subfield>
  </datafield>
  <datafield tag="250" ind1=" " ind2=" ">
    <subfield code="6">880-03</subfield>
    <subfield code="a">Mahadurah meḥudeshet.</subfield>
  </datafield>
  <datafield tag="264" ind1=" " ind2="1">
    <subfield code="6">880-04</subfield>
    <subfield code="a">Yerushalayim :</subfield>
    <subfield code="b">Mekhon Ḳeren Reʼem :</subfield>
    <subfield code="b">Zuf productions,</subfield>
    <subfield code="c">777 [2016 or 2017]</subfield>
  </datafield>
  <datafield tag="300" ind1=" " ind2=" ">
    <subfield code="a">376 pages ;</subfield>
    <subfield code="c">25 cm</subfield>
  </datafield>
  <datafield tag="336" ind1=" " ind2=" ">
    <subfield code="a">text</subfield>
    <subfield code="b">txt</subfield>
    <subfield code="2">rdacontent</subfield>
  </datafield>
  <datafield tag="337" ind1=" " ind2=" ">
    <subfield code="a">unmediated</subfield>
    <subfield code="b">n</subfield>
    <subfield code="2">rdamedia</subfield>
  </datafield>
  <datafield tag="338" ind1=" " ind2=" ">
    <subfield code="a">volume</subfield>
    <subfield code="b">nc</subfield>
    <subfield code="2">rdacarrier</subfield>
  </datafield>
  <datafield tag="520" ind1=" " ind2=" ">
    <subfield code="a">[ʻal ha-torah ṿeha-moʻadim].</subfield>
  </datafield>
  <datafield tag="700" ind1="1" ind2=" ">
    <subfield code="6">880-05</subfield>
    <subfield code="a">Sonnenfeld, Shlomo Zalman.</subfield>
  </datafield>
  <datafield tag="752" ind1=" " ind2=" ">
    <subfield code="a">Israel</subfield>
    <subfield code="d">Jerusalem.</subfield>
  </datafield>
  <datafield tag="880" ind1="1" ind2=" ">
    <subfield code="6">100-01/(2/r</subfield>
    <subfield code="a">זוננפלד, יוסף חיים,</subfield>
    <subfield code="d">1849-1932.</subfield>
  </datafield>
  <datafield tag="880" ind1="1" ind2="0">
    <subfield code="6">245-02/(2/r</subfield>
    <subfield code="a">חכמת חיים :</subfield>
    <subfield code="b">[על התורה והמועדים] /</subfield>
    <subfield code="c">יוסף חיים זוננפלד ... ; נערך ע״י שלמה זלמן זוננפלד.</subfield>
  </datafield>
  <datafield tag="880" ind1=" " ind2=" ">
    <subfield code="6">250-03/(2/r</subfield>
    <subfield code="a">מחודשת.</subfield>
  </datafield>
  <datafield tag="880" ind1=" " ind2=" ">
    <subfield code="6">260-04/(2/r</subfield>
    <subfield code="a">ירושלים :</subfield>
    <subfield code="b">מכון קרן ראם :</subfield>
    <subfield code="b">צוף,</subfield>
    <subfield code="c">תשע״ז.</subfield>
  </datafield>
  <datafield tag="880" ind1="1" ind2=" ">
    <subfield code="6">700-05/(2/r</subfield>
    <subfield code="a">זוננפלד, שלמה זלמן.</subfield>
  </datafield>
  <datafield tag="923" ind1=" " ind2=" ">
    <subfield code="d">20171022</subfield>
    <subfield code="n">30300</subfield>
    <subfield code="s">IsJeAIW</subfield>
  </datafield>
  <datafield tag="985" ind1=" " ind2=" ">
    <subfield code="e">VENDOR LOAD</subfield>
  </datafield>
</record>