
<record>
  <leader>03676cjm a2200697 a 4500</leader>
  <controlfield tag="001">20275855</controlfield>
  <controlfield tag="005">20200103150535.0</controlfield>
  <controlfield tag="007">sd fsngnnmmned</controlfield>
  <controlfield tag="008">180111r20141971gw zzn|  fi       | eng d</controlfield>
  <datafield tag="906" ind1=" " ind2=" ">
    <subfield code="a">7</subfield>
    <subfield code="b">cbc</subfield>
    <subfield code="c">copycat</subfield>
    <subfield code="d">2</subfield>
    <subfield code="e">ncip</subfield>
    <subfield code="f">20</subfield>
    <subfield code="g">y-soundrec</subfield>
  </datafield>
  <datafield tag="925" ind1="0" ind2=" ">
    <subfield code="a">acquire</subfield>
    <subfield code="b">2 shelf copies</subfield>
    <subfield code="x">policy default</subfield>
  </datafield>
  <datafield tag="955" ind1=" " ind2=" ">
    <subfield code="a">qr06 2018-01-11 z-client</subfield>
    <subfield code="i">qr06 2018-01-11</subfield>
  </datafield>
  <datafield tag="010" ind1=" " ind2=" ">
    <subfield code="a">  2018616246</subfield>
  </datafield>
  <datafield tag="024" ind1="3" ind2=" ">
    <subfield code="a">5397102168819</subfield>
  </datafield>
  <datafield tag="028" ind1="0" ind2="2">
    <subfield code="a">BCD 16881 AS</subfield>
    <subfield code="b">Bear Family Productions</subfield>
  </datafield>
  <datafield tag="035" ind1=" " ind2=" ">
    <subfield code="a">(OCoLC)ocn882110898</subfield>
  </datafield>
  <datafield tag="040" ind1=" " ind2=" ">
    <subfield code="a">BGU</subfield>
    <subfield code="b">eng</subfield>
    <subfield code="c">BGU</subfield>
    <subfield code="d">OCLCO</subfield>
    <subfield code="d">BTCTA</subfield>
    <subfield code="d">OCLCF</subfield>
    <subfield code="d">OCLCA</subfield>
    <subfield code="d">OCLCQ</subfield>
    <subfield code="d">DLC</subfield>
  </datafield>
  <datafield tag="042" ind1=" " ind2=" ">
    <subfield code="a">lccopycat</subfield>
  </datafield>
  <datafield tag="050" ind1="0" ind2="0">
    <subfield code="a">SDC 92134</subfield>
  </datafield>
  <datafield tag="245" ind1="0" ind2="0">
    <subfield code="a">Sweet soul music :</subfield>
    <subfield code="b">26 scorching classics from 1971.</subfield>
  </datafield>
  <datafield tag="246" ind1="3" ind2=" ">
    <subfield code="a">26 scorching classics from 1971</subfield>
  </datafield>
  <datafield tag="246" ind1="3" ind2=" ">
    <subfield code="a">Twenty-six scorching classics from 1971</subfield>
  </datafield>
  <datafield tag="260" ind1=" " ind2=" ">
    <subfield code="a">Germany :</subfield>
    <subfield code="b">Bear Family Productions,</subfield>
    <subfield code="c">℗2014.</subfield>
  </datafield>
  <datafield tag="300" ind1=" " ind2=" ">
    <subfield code="a">1 audio disc (85 min.) :</subfield>
    <subfield code="b">digital ;</subfield>
    <subfield code="c">4 3/4 in.</subfield>
  </datafield>
  <datafield tag="336" ind1=" " ind2=" ">
    <subfield code="a">performed music</subfield>
    <subfield code="b">prm</subfield>
    <subfield code="2">rdacontent</subfield>
  </datafield>
  <datafield tag="337" ind1=" " ind2=" ">
    <subfield code="a">audio</subfield>
    <subfield code="b">s</subfield>
    <subfield code="2">rdamedia</subfield>
  </datafield>
  <datafield tag="338" ind1=" " ind2=" ">
    <subfield code="a">audio disc</subfield>
    <subfield code="b">sd</subfield>
    <subfield code="2">rdacarrier</subfield>
  </datafield>
  <datafield tag="500" ind1=" " ind2=" ">
    <subfield code="a">Soul music; performed by various artists.</subfield>
  </datafield>
  <datafield tag="500" ind1=" " ind2=" ">
    <subfield code="a">Compact disc.</subfield>
  </datafield>
  <datafield tag="500" ind1=" " ind2=" ">
    <subfield code="a">Program and biographical notes by Bill Dahl inserted.</subfield>
  </datafield>
  <datafield tag="505" ind1="0" ind2="0">
    <subfield code="t">Precious, precious</subfield>
    <subfield code="r">(Jackie Moore) --</subfield>
    <subfield code="t">Jody&apos;s got your girl and gone</subfield>
    <subfield code="r">(Johnnie Taylor) --</subfield>
    <subfield code="t">Do me right</subfield>
    <subfield code="r">(Detroit Emeralds) --</subfield>
    <subfield code="t">Get your lie straight</subfield>
    <subfield code="r">(Bill Coday) --</subfield>
    <subfield code="t">Proud Mary</subfield>
    <subfield code="r">(Ike &amp; Tina Turner) --</subfield>
    <subfield code="t">Soul power</subfield>
    <subfield code="g">parts 1 &amp; 2</subfield>
    <subfield code="r">(James Brown with JB&apos;s) --</subfield>
    <subfield code="t">Just my imagination (running away with me)</subfield>
    <subfield code="r">(The Temptations) --</subfield>
    <subfield code="t">Don&apos;t let the green grass fool you</subfield>
    <subfield code="r">(Wilson Pickett) --</subfield>
    <subfield code="t">Want ads</subfield>
    <subfield code="r">(The Honey Cone) --</subfield>
    <subfield code="t">Funky Nassau,</subfield>
    <subfield code="g">part 1</subfield>
    <subfield code="r">(the Beginning of the End) --</subfield>
    <subfield code="t">She&apos;s not just another woman</subfield>
    <subfield code="r">(8th Day) --</subfield>
    <subfield code="t">Mr. Big Stuff</subfield>
    <subfield code="r">(Jean Knight) --</subfield>
    <subfield code="t">Treat her like a lady</subfield>
    <subfield code="r">(Cornelius Brothers &amp; Sister Rose) --</subfield>
    <subfield code="t">Suspicious minds</subfield>
    <subfield code="r">(Dee Dee Warwick) --</subfield>
    <subfield code="t">Ain&apos;t no sunshine</subfield>
    <subfield code="r">(Bill Withers) --</subfield>
    <subfield code="t">Smiling faces sometimes</subfield>
    <subfield code="r">(Undisputed Truth) --</subfield>
    <subfield code="t">Watcha see is watcha get</subfield>
    <subfield code="r">(Dramatics) --</subfield>
    <subfield code="t">Trapped by a thing called love</subfield>
    <subfield code="r">(Denise LaSalle) --</subfield>
    <subfield code="t">Thin line between love and hate</subfield>
    <subfield code="r">(Persuaders) --</subfield>
    <subfield code="t">A nickel and a nail</subfield>
    <subfield code="r">(O.V. Wright) --</subfield>
    <subfield code="t">Respect yourself</subfield>
    <subfield code="r">(Staple Singers) --</subfield>
    <subfield code="t">Have you seen her</subfield>
    <subfield code="r">(Chi-Lites) --</subfield>
    <subfield code="t">Clean up woman</subfield>
    <subfield code="r">(Betty Wright) --</subfield>
    <subfield code="t">Family affair</subfield>
    <subfield code="r">(Sly &amp; the Family Stone) --</subfield>
    <subfield code="t">Rock steady</subfield>
    <subfield code="r">(Aretha Franklin) --</subfield>
    <subfield code="t">Let&apos;s tay together</subfield>
    <subfield code="r">(Al Green).</subfield>
  </datafield>
  <datafield tag="650" ind1=" " ind2="0">
    <subfield code="a">Soul music.</subfield>
  </datafield>
  <datafield tag="650" ind1=" " ind2="7">
    <subfield code="a">Soul music.</subfield>
    <subfield code="2">fast</subfield>
    <subfield code="0">(OCoLC)fst01126930</subfield>
  </datafield>
  <datafield tag="700" ind1="1" ind2=" ">
    <subfield code="a">Moore, Jackie,</subfield>
    <subfield code="d">1946-2019.</subfield>
    <subfield code="4">prf</subfield>
  </datafield>
  <datafield tag="700" ind1="1" ind2=" ">
    <subfield code="a">Taylor, Johnnie.</subfield>
    <subfield code="4">prf</subfield>
  </datafield>
  <datafield tag="700" ind1="1" ind2=" ">
    <subfield code="a">Coday, Bill.</subfield>
    <subfield code="4">prf</subfield>
  </datafield>
  <datafield tag="700" ind1="1" ind2=" ">
    <subfield code="a">Turner, Ike.</subfield>
    <subfield code="4">prf</subfield>
  </datafield>
  <datafield tag="700" ind1="1" ind2=" ">
    <subfield code="a">Turner, Tina.</subfield>
    <subfield code="4">prf</subfield>
  </datafield>
  <datafield tag="700" ind1="1" ind2=" ">
    <subfield code="a">Brown, James,</subfield>
    <subfield code="d">1933-2006.</subfield>
    <subfield code="4">prf</subfield>
  </datafield>
  <datafield tag="700" ind1="1" ind2=" ">
    <subfield code="a">Pickett, Wilson.</subfield>
    <subfield code="4">prf</subfield>
  </datafield>
  <datafield tag="700" ind1="1" ind2=" ">
    <subfield code="a">Knight, Jean.</subfield>
    <subfield code="4">prf</subfield>
  </datafield>
  <datafield tag="700" ind1="1" ind2=" ">
    <subfield code="a">Warwick, Dee Dee.</subfield>
    <subfield code="4">prf</subfield>
  </datafield>
  <datafield tag="700" ind1="1" ind2=" ">
    <subfield code="a">Withers, Bill,</subfield>
    <subfield code="d">1938-</subfield>
    <subfield code="4">prf</subfield>
  </datafield>
  <datafield tag="700" ind1="1" ind2=" ">
    <subfield code="a">LaSalle, Denise.</subfield>
    <subfield code="4">prf</subfield>
  </datafield>
  <datafield tag="700" ind1="1" ind2=" ">
    <subfield code="a">Wright, O. V.</subfield>
    <subfield code="q">(Overton Vertis),</subfield>
    <subfield code="d">1939-1980.</subfield>
    <subfield code="4">prf</subfield>
  </datafield>
  <datafield tag="700" ind1="1" ind2=" ">
    <subfield code="a">Wright, Betty,</subfield>
    <subfield code="d">1953-</subfield>
    <subfield code="4">prf</subfield>
  </datafield>
  <datafield tag="700" ind1="1" ind2=" ">
    <subfield code="a">Franklin, Aretha.</subfield>
    <subfield code="4">prf</subfield>
  </datafield>
  <datafield tag="700" ind1="1" ind2=" ">
    <subfield code="a">Green, Al,</subfield>
    <subfield code="d">1946-</subfield>
    <subfield code="4">prf</subfield>
  </datafield>
  <datafield tag="710" ind1="2" ind2=" ">
    <subfield code="a">Detroit Emeralds (Musical group)</subfield>
    <subfield code="4">prf</subfield>
  </datafield>
  <datafield tag="710" ind1="2" ind2=" ">
    <subfield code="a">J.B.&apos;s (Musical group)</subfield>
    <subfield code="4">prf</subfield>
  </datafield>
  <datafield tag="710" ind1="2" ind2=" ">
    <subfield code="a">Temptations (Musical group)</subfield>
    <subfield code="4">prf</subfield>
  </datafield>
  <datafield tag="710" ind1="2" ind2=" ">
    <subfield code="a">Honey Cone (Musical group)</subfield>
    <subfield code="4">prf</subfield>
  </datafield>
  <datafield tag="710" ind1="2" ind2=" ">
    <subfield code="a">Beginning of the End (Musical group)</subfield>
    <subfield code="4">prf</subfield>
  </datafield>
  <datafield tag="710" ind1="2" ind2=" ">
    <subfield code="a">8th Day (Musical group)</subfield>
    <subfield code="4">prf</subfield>
  </datafield>
  <datafield tag="710" ind1="2" ind2=" ">
    <subfield code="a">Cornelius Brothers and Sister Rose.</subfield>
    <subfield code="4">prf</subfield>
  </datafield>
  <datafield tag="710" ind1="2" ind2=" ">
    <subfield code="a">Undisputed Truth (Musical group)</subfield>
    <subfield code="4">prf</subfield>
  </datafield>
  <datafield tag="710" ind1="2" ind2=" ">
    <subfield code="a">Dramatics (Musical group)</subfield>
    <subfield code="4">prf</subfield>
  </datafield>
  <datafield tag="710" ind1="2" ind2=" ">
    <subfield code="a">Persuaders (Musical group)</subfield>
    <subfield code="4">prf</subfield>
  </datafield>
  <datafield tag="710" ind1="2" ind2=" ">
    <subfield code="a">Staple Singers.</subfield>
    <subfield code="4">prf</subfield>
  </datafield>
  <datafield tag="710" ind1="2" ind2=" ">
    <subfield code="a">Chi-Lites (Musical group)</subfield>
    <subfield code="4">prf</subfield>
  </datafield>
  <datafield tag="710" ind1="2" ind2=" ">
    <subfield code="a">Sly &amp; the Family Stone (Musical group)</subfield>
    <subfield code="4">prf</subfield>
  </datafield>
</record>