
<record>
  <leader>04281cam a2200649 i 4500</leader>
  <controlfield tag="001">20313548</controlfield>
  <controlfield tag="005">20200103165619.0</controlfield>
  <controlfield tag="008">170727s2017    it af    b    001 0dita c</controlfield>
  <datafield tag="906" ind1=" " ind2=" ">
    <subfield code="a">7</subfield>
    <subfield code="b">cbc</subfield>
    <subfield code="c">pccadap</subfield>
    <subfield code="d">2</subfield>
    <subfield code="e">ncip</subfield>
    <subfield code="f">20</subfield>
    <subfield code="g">y-gencatlg</subfield>
  </datafield>
  <datafield tag="925" ind1="0" ind2=" ">
    <subfield code="a">acquire</subfield>
    <subfield code="b">1 shelf copy</subfield>
    <subfield code="x">policy default</subfield>
  </datafield>
  <datafield tag="955" ind1=" " ind2=" ">
    <subfield code="a">ve08 2018-01-26;</subfield>
    <subfield code="b">bd19 2018-03-27</subfield>
    <subfield code="b">bd35 2019-07-29 z-processor</subfield>
    <subfield code="i">bd15 2019-12-03 to Dewey</subfield>
    <subfield code="w">xm09 2020-01-03</subfield>
  </datafield>
  <datafield tag="010" ind1=" " ind2=" ">
    <subfield code="a">  2017488543</subfield>
  </datafield>
  <datafield tag="016" ind1="7" ind2=" ">
    <subfield code="a">018834624</subfield>
    <subfield code="2">Uk</subfield>
  </datafield>
  <datafield tag="020" ind1=" " ind2=" ">
    <subfield code="a">9788849234923</subfield>
  </datafield>
  <datafield tag="020" ind1=" " ind2=" ">
    <subfield code="a">8849234929</subfield>
  </datafield>
  <datafield tag="035" ind1=" " ind2=" ">
    <subfield code="a">(OCoLC)on1005583559</subfield>
  </datafield>
  <datafield tag="040" ind1=" " ind2=" ">
    <subfield code="a">NARDE</subfield>
    <subfield code="b">eng</subfield>
    <subfield code="c">NARDE</subfield>
    <subfield code="e">rda</subfield>
    <subfield code="d">ERASA</subfield>
    <subfield code="d">FXM</subfield>
    <subfield code="d">OSU</subfield>
    <subfield code="d">OCLCF</subfield>
    <subfield code="d">C3L</subfield>
    <subfield code="d">MZA</subfield>
    <subfield code="d">ZCU</subfield>
    <subfield code="d">HTV</subfield>
    <subfield code="d">UKMGB</subfield>
    <subfield code="d">OCL</subfield>
    <subfield code="d">OCLCQ</subfield>
    <subfield code="d">OCLCO</subfield>
    <subfield code="d">HLS</subfield>
    <subfield code="d">DLC</subfield>
  </datafield>
  <datafield tag="041" ind1="0" ind2=" ">
    <subfield code="a">ita</subfield>
    <subfield code="a">eng</subfield>
  </datafield>
  <datafield tag="042" ind1=" " ind2=" ">
    <subfield code="a">pcc</subfield>
  </datafield>
  <datafield tag="043" ind1=" " ind2=" ">
    <subfield code="a">e-it---</subfield>
  </datafield>
  <datafield tag="050" ind1="0" ind2="0">
    <subfield code="a">ND2756.U46</subfield>
    <subfield code="b">A34 2017</subfield>
  </datafield>
  <datafield tag="082" ind1="0" ind2="0">
    <subfield code="a">751.7/3094565</subfield>
    <subfield code="2">23</subfield>
  </datafield>
  <datafield tag="245" ind1="0" ind2="4">
    <subfield code="a">Gli affreschi delle Palazze :</subfield>
    <subfield code="b">una storia tra Umbria e America = The Palazze frescoes : a tale between Umbria and America /</subfield>
    <subfield code="c">Tommaso Di Carpegna Falconieri, Grazia Maria Fachechi ; prefazione di Bruno Toscano ; saggi di Giovanni Gasbarri [and 3 others].</subfield>
  </datafield>
  <datafield tag="246" ind1="3" ind2="1">
    <subfield code="a">Palazze frescoes :</subfield>
    <subfield code="b">a tale between Umbria and America</subfield>
  </datafield>
  <datafield tag="264" ind1=" " ind2="1">
    <subfield code="a">Roma :</subfield>
    <subfield code="b">Gangemi Editore,</subfield>
    <subfield code="c">[2017]</subfield>
  </datafield>
  <datafield tag="264" ind1=" " ind2="3">
    <subfield code="c">2017</subfield>
  </datafield>
  <datafield tag="300" ind1=" " ind2=" ">
    <subfield code="a">287 pages :</subfield>
    <subfield code="b">illustrations (chiefly color), color plates ;</subfield>
    <subfield code="c">24 cm +</subfield>
    <subfield code="e">1 DVD-ROM (4 3/4 in.)</subfield>
  </datafield>
  <datafield tag="336" ind1=" " ind2=" ">
    <subfield code="a">still image</subfield>
    <subfield code="b">sti</subfield>
    <subfield code="2">rdacontent</subfield>
  </datafield>
  <datafield tag="336" ind1=" " ind2=" ">
    <subfield code="a">text</subfield>
    <subfield code="b">txt</subfield>
    <subfield code="2">rdacontent</subfield>
  </datafield>
  <datafield tag="337" ind1=" " ind2=" ">
    <subfield code="a">unmediated</subfield>
    <subfield code="b">n</subfield>
    <subfield code="2">rdamedia</subfield>
  </datafield>
  <datafield tag="337" ind1=" " ind2=" ">
    <subfield code="a">computer</subfield>
    <subfield code="b">c</subfield>
    <subfield code="2">rdamedia</subfield>
  </datafield>
  <datafield tag="338" ind1=" " ind2=" ">
    <subfield code="a">volume</subfield>
    <subfield code="b">nc</subfield>
    <subfield code="2">rdacarrier</subfield>
  </datafield>
  <datafield tag="338" ind1=" " ind2=" ">
    <subfield code="a">computer disc</subfield>
    <subfield code="b">cd</subfield>
    <subfield code="2">rdacarrier</subfield>
  </datafield>
  <datafield tag="490" ind1="1" ind2=" ">
    <subfield code="a">Chiaroscuro. Ricerche di storia e storia dell&apos;arte ;</subfield>
    <subfield code="v">1</subfield>
  </datafield>
  <datafield tag="500" ind1=" " ind2=" ">
    <subfield code="a">Collected essays.</subfield>
  </datafield>
  <datafield tag="500" ind1=" " ind2=" ">
    <subfield code="a">DVD-ROM in back pocket.</subfield>
  </datafield>
  <datafield tag="546" ind1=" " ind2=" ">
    <subfield code="a">Italian and English.</subfield>
  </datafield>
  <datafield tag="504" ind1=" " ind2=" ">
    <subfield code="a">Includes bibliographical references (pages 271-282) and index.</subfield>
  </datafield>
  <datafield tag="520" ind1="8" ind2=" ">
    <subfield code="a">The frescoes from the Clarrisan monastery of S. Maria inter Angelos near Spoleto, known as Le Palazze, detached from the walls and now preserved in several museums, mostly on the East Coast of the United States of America, have attracted the attention of many important scholars. But until now, on the splendid thirteenth century cycle of frescoes at Le Palazze, to quote Roberto Longhi, there was no complete study, offering an integral reading of all the paintings and an analysis of their original context. In order to achieve these aims, an international and multidisciplinary project started four years ago, and now we can see the results: the virtual reconstruction of the church and the nuns&apos; choir with the frescoes in their original settings on the walls, made with advanced digital technology, and the essays of Italian and American scholars of this book, which in the preface Bruno Toscano says is so precious and so unique -- back cover.</subfield>
  </datafield>
  <datafield tag="650" ind1=" " ind2="0">
    <subfield code="a">Mural painting and decoration, Italian</subfield>
    <subfield code="z">Italy</subfield>
    <subfield code="z">Umbria.</subfield>
  </datafield>
  <datafield tag="650" ind1=" " ind2="0">
    <subfield code="a">Mural painting and decoration, Medieval</subfield>
    <subfield code="z">Italy</subfield>
    <subfield code="z">Umbria.</subfield>
  </datafield>
  <datafield tag="650" ind1=" " ind2="0">
    <subfield code="a">Church decoration and ornament</subfield>
    <subfield code="z">Italy</subfield>
    <subfield code="z">Umbria.</subfield>
  </datafield>
  <datafield tag="655" ind1=" " ind2="7">
    <subfield code="a">DVDs.</subfield>
    <subfield code="2">aat</subfield>
  </datafield>
  <datafield tag="650" ind1=" " ind2="7">
    <subfield code="a">Church decoration and ornament.</subfield>
    <subfield code="2">fast</subfield>
    <subfield code="0">(OCoLC)fst00860667</subfield>
  </datafield>
  <datafield tag="650" ind1=" " ind2="7">
    <subfield code="a">Mural painting and decoration, Italian.</subfield>
    <subfield code="2">fast</subfield>
    <subfield code="0">(OCoLC)fst01029675</subfield>
  </datafield>
  <datafield tag="650" ind1=" " ind2="7">
    <subfield code="a">Mural painting and decoration, Medieval.</subfield>
    <subfield code="2">fast</subfield>
    <subfield code="0">(OCoLC)fst01029695</subfield>
  </datafield>
  <datafield tag="651" ind1=" " ind2="7">
    <subfield code="a">Italy</subfield>
    <subfield code="z">Umbria.</subfield>
    <subfield code="2">fast</subfield>
    <subfield code="0">(OCoLC)fst01204896</subfield>
  </datafield>
  <datafield tag="700" ind1="1" ind2=" ">
    <subfield code="a">Toscano, Bruno,</subfield>
    <subfield code="e">writer of preface.</subfield>
  </datafield>
  <datafield tag="700" ind1="1" ind2="2">
    <subfield code="i">Container of (work):</subfield>
    <subfield code="a">Di Carpegna Falconieri, Tommaso.</subfield>
    <subfield code="t">Storia del monastero di S. Maria inter Angelos di Spoleto.</subfield>
  </datafield>
  <datafield tag="700" ind1="1" ind2="2">
    <subfield code="i">Container of (expression):</subfield>
    <subfield code="a">Di Carpegna Falconieri, Tommaso.</subfield>
    <subfield code="t">Storia del monastero di S. Maria inter Angelos di Spoleto.</subfield>
    <subfield code="l">English.</subfield>
  </datafield>
  <datafield tag="700" ind1="1" ind2="2">
    <subfield code="i">Container of (work):</subfield>
    <subfield code="a">Fachechi Danese, Grazia Maria.</subfield>
    <subfield code="t">Dal monastero al museo e ritorno, le Palazze di Spoleto tra frammentazione del contgesto e ricostruzione virtuale.</subfield>
  </datafield>
  <datafield tag="700" ind1="1" ind2="2">
    <subfield code="i">Container of (expression):</subfield>
    <subfield code="a">Fachechi Danese, Grazia Maria.</subfield>
    <subfield code="t">Dal monastero al museo e ritorno, le Palazze di Spoleto tra frammentazione del contgesto e ricostruzione virtuale.</subfield>
    <subfield code="l">English.</subfield>
  </datafield>
  <datafield tag="830" ind1=" " ind2="0">
    <subfield code="a">Chiaroscuro (Rome, Italy) ;</subfield>
    <subfield code="v">1.</subfield>
  </datafield>
  <datafield tag="856" ind1="4" ind2="2">
    <subfield code="3">TOC</subfield>
    <subfield code="u">http://www.columbia.edu/cgi-bin/cul/resolve?clio13044108</subfield>
  </datafield>
  <datafield tag="856" ind1="4" ind2="2">
    <subfield code="u">http://ilibri.casalini.it/toc/4200723</subfield>
    <subfield code="z">Table of contents</subfield>
  </datafield>
  <datafield tag="923" ind1=" " ind2=" ">
    <subfield code="d">20180118</subfield>
    <subfield code="n">18-02320</subfield>
    <subfield code="s">93001782</subfield>
  </datafield>
  <datafield tag="985" ind1=" " ind2=" ">
    <subfield code="e">VENDOR LOAD</subfield>
  </datafield>
</record>